% Encoding: UTF-8

@Article{ballard2004ship,
  author    = {Ballard, Chris and Bradley, Richard and Myhre, Lise Nordenborg and Wilson, Meredith},
  title     = {The ship as symbol in the prehistory of Scandinavia and Southeast Asia},
  journal   = {World Archaeology},
  year      = {2004},
  volume    = {35},
  number    = {3},
  pages     = {385--403},
  publisher = {Taylor \& Francis},
}

@Article{bill2016ambiguous,
  author  = {Bill, Jan},
  title   = {Ambiguous Mobility in the Viking Age Ship Burial from Oseberg},
  journal = {I Peter Bjerregaard, Anders Emil Rasmussen and Tim flohr S{\o}rensen (red.), Materialities of Passing: Explorations in Transformation, Transition and Transience},
  year    = {2016},
  pages   = {207--220},
}

@Article{bradley2010imaginary,
  author  = {Bradley, Richard and Skoglund, Peter and Wehlin, Joakim},
  title   = {Imaginary vessels in the Late Bronze Age of Gotland and South Scandinavia},
  journal = {Current Swedish Archaeology},
  year    = {2010},
  volume  = {18},
  pages   = {79--103},
}

@Article{price2008dying,
  author    = {Price, Neil},
  title     = {Dying and the dead: Viking Age mortuary behaviour},
  journal   = {The Viking World},
  year      = {2008},
  pages     = {257--73},
  publisher = {Routledge London},
}

@MastersThesis{wehlin2010approaching,
  author    = {Wehlin, Joakim},
  title     = {Approaching the Gotlandic Bronze Age from sea: future possibilities from a maritime perspective},
  school    = {University of Gothenbourg/Gotland University},
  year      = {2010},
  publisher = {Gotland university},
}

@Article{williams2010landscape,
  author    = {Williams, Howard and Rundkvist, Martin and Danielsson, Arne},
  title     = {The landscape of a Swedish boat-grave cemetery},
  journal   = {Landscapes},
  year      = {2010},
  volume    = {11},
  number    = {1},
  pages     = {1--24},
  publisher = {Taylor \& Francis},
}

@Article{skoglund2008stone,
  author    = {Skoglund, Peter},
  title     = {Stone ships: continuity and change in Scandinavian prehistory},
  journal   = {World Archaeology},
  year      = {2008},
  volume    = {40},
  number    = {3},
  pages     = {390--406},
  publisher = {Taylor \& Francis},
}

@Article{hansson1998graves,
  author  = {Hansson, Martin},
  title   = {Graves, Grave-Fields and Burial Customs--},
  journal = {Lund Archaeological Review for 1998},
  year    = {1998},
  pages   = {49--65},
}

@Book{herschend2001journey,
  title     = {Journey of Civilization: The Late Iron Age View of the Human World},
  publisher = {(Uppsala, Uppsala University Department of Archaeology and Ancient History)},
  year      = {2001},
  author    = {Herschend, F},
}

@Article{rundkvist2008viking,
  author    = {Rundkvist, Martin and Williams, Howard},
  title     = {A Viking boat grave with amber gaming pieces excavated at Skamby, {\"O}sterg{\"o}tland, Sweden},
  journal   = {Medieval Archaeology},
  year      = {2008},
  volume    = {52},
  number    = {1},
  pages     = {69--102},
  publisher = {Taylor \& Francis},
}

@Article{sanmark2010living,
  author  = {Sanmark, Alexandra},
  title   = {Living on: Ancestors and the soul},
  journal = {Signals of Belief: Anglo-Saxon Paganism Revisited. Oxbow Books, Oxford, UK},
  year    = {2010},
  pages   = {162--184},
}

@Article{sundqvist2015pre,
  author  = {Sundqvist, Olof},
  title   = {The Pre-Christian Cult of Dead Royalty in Old Norse Sources: Medieval Speculations or Ancient Traditions?},
  journal = {Scripta Islandica: Isl{\"a}ndska S{\"a}llskapets {\AA}rsbok},
  year    = {2015},
  volume  = {66},
  pages   = {177--212},
}

@Article{nordberg2013fornnordisk,
  author  = {Nordberg, A.},
  title   = {Fornnordisk religionsforskning mellan teori och empiri. Kulten av anfärder, solen och vegetationsandar i idéhistorisk belysning.},
  journal = {Acta Academiae regiae Gustavi Adolphi},
  year    = {2013},
  volume  = {CXXVI},
}

@Book{price2015ancient,
  title     = {Ancient Scandinavia: An archaeological history from the first humans to the Vikings},
  publisher = {Oxford University Press, USA},
  year      = {2015},
  author    = {Price, Theron Douglas},
}

@MastersThesis{gustavsson2012artefacts,
  author = {Gustavsson, Anders},
  title  = {Artefacts and bone patterns in stone ship settings on Gotland},
  school = {University of Gotland},
  year   = {2012},
}

@Electronic{youtube,
  author       = {Neil Price},
  title        = {The Shape of the Soul: The Viking Mind and the Individual},
  organization = {youtube},
  url          = {https://www.youtube.com/watch?v=7Db9sG1PSsQ&t=1169s},
  date         = {2012a},
}

@Electronic{youtube,
  author       = {Neil Price},
  title        = {Life and Afterlife: Dealing with the Dead in the Viking Age},
  organization = {youtube},
  url          = {https://www.youtube.com/watch?v=uu2gN8n15_A&t=1694s},
  date         = {2012b},
}

@MastersThesis{ruffoni2011viking,
  author = {Ruffoni, Kirsten},
  title  = {Viking Age Queens: The example of Oseberg},
  school = {University of Oslo},
  year   = {2011},
}

@Article{runesson2010gotlandic,
  author  = {Runesson, Gunilla},
  title   = {Gotlandic Bronze Age Settlements in Focus},
  journal = {Baltic Prehistoric Interactions and Transformations},
  year    = {2010},
  pages   = {79},
}

@Article{eriksen2013doors,
  author    = {Eriksen, Marianne Hem},
  title     = {Doors to the dead. The power of doorways and thresholds in Viking Age Scandinavia},
  journal   = {Archaeological dialogues},
  year      = {2013},
  volume    = {20},
  number    = {2},
  pages     = {187--214},
  publisher = {Cambridge University Press},
}

@Article{montgomery2000ibn,
  author  = {Montgomery, James E},
  title   = {Ibn Fadlan and the R{\=u}siyyah},
  journal = {Journal of Arabic and Islamic studies},
  year    = {2000},
  volume  = {3},
  pages   = {1--25},
}

@Article{wallin2010neolithic,
  author  = {Wallin, Paul},
  title   = {Neolithic monuments on Gotland: material expressions of the domestication process},
  journal = {Baltic Prehistoric Interactions and Transformations: The Neolithic to the Bronze Age},
  year    = {2010},
  pages   = {39--62},
}

@Article{helskog1999shore,
  author    = {Helskog, Knut},
  title     = {The shore connection. Cognitive landscape and communication with rock carvings in northernmost Europe},
  journal   = {Norwegian archaeological review},
  year      = {1999},
  volume    = {32},
  number    = {2},
  pages     = {73--94},
  publisher = {Taylor \& Francis},
}

@Article{westerdahl2005maritime,
  author    = {Westerdahl, Christer},
  title     = {Maritime cosmology and archaeology},
  journal   = {Deutsches Schiffahrtsarchiv},
  year      = {2005},
  volume    = {28},
  pages     = {7--54},
  publisher = {DEU},
}

@Article{westerdahl2015viking,
  author    = {Westerdahl, Christer},
  title     = {The Viking Ship in Your Mind. Some comments on its cognitive roles},
  journal   = {Årbok Norsk Maritimt Museum},
  year      = {2015},
  volume    = {14},
  pages     = {33-70},
  publisher = {Årbok Norsk Maritimt Museum},
}

@Article{artursson2013ships,
  author  = {Artursson, Magnus},
  title   = {SHIPS IN STONE: SHIP-LIKE STONE SETTINGS, WAR CANOES AND SAILING SHIPS IN BRONZE AGE SOUTHERN SCANDINAVIA},
  journal = {Counterpoint: Essays in Archaeology and Heritage Studies in Honour of Professor Kristian Kristiansen},
  year    = {2013},
  pages   = {499--504},
}

@Article{skoglund2009beyond,
  author    = {Skoglund, Peter},
  title     = {Beyond chiefs and networks: corporate strategies in Bronze Age Scandinavia},
  journal   = {Journal of Social Archaeology},
  year      = {2009},
  volume    = {9},
  number    = {2},
  pages     = {200--219},
  publisher = {SAGE Publications Sage UK: London, England},
}

@InBook{skoglund2014social,
  pages     = {201-214},
  title     = {Social landscapes of Bronze Age Scandinavia},
  publisher = {Routledge},
  year      = {2014},
  author    = {Skoglund, Peter},
  journal   = {Local Societies in Bronze Age Northern Europe},
}

@Book{kaul1998ships,
  title     = {Ships on Bronzes: A Study in Bronze Age Religion and Iconography: Catalogue of Danish Finds. II},
  publisher = {National Museum of Denmark, Department of Danish Collections},
  year      = {1998},
  author    = {Kaul, Flemming},
}

@Article{manguin1986shipshape,
  author    = {Manguin, Pierre-Yves},
  title     = {Shipshape societies: boat symbolism and political systems in insular Southeast Asia},
  journal   = {Southeast Asia in the 9th to 14th Centuries},
  year      = {1986},
  pages     = {187--213},
  publisher = {Singapore: ISEAS \& Canberra: ANU},
}

@Comment{jabref-meta: databaseType:bibtex;}
