@book{RN6,
   author = {An, Yuehuei H. and Martin, Kylie L.},
   title = {Handbook of histology methods for bone and cartilage},
   publisher = {Humana Press},
   address = {Totowa},
   year = {2003},
   type = {Edited Book}
}

