%% LaTeX2e file `27-Bruyn-Jordaan.bib'
%% generated by the `filecontents' environment
%% from source `_ijsra_2017_02_01' on 2017/06/09.
%%
@online{Pithouse2010,
author = {Pithouse, R.},
year = {2010},
title = {Universities for Bread and Roses},
organization  = {The South African Civil Society Information Service},
url = {http://www.sacsis.org.za/site/article/441.1},
urldate = {2017-04-07}
}

@article{Summers1995,
author = {Summers, R.},
year = {1995},
title = {A president looks back},
journaltitle = {South African Archaeological Bulletin},
volume = {50},
pages  = {175\psq}}
