%% LaTeX2e file `29-Verezen.bib'
%% generated by the `filecontents' environment
%% from source `29-Verezen' on 2017/06/02.
%%
%these top 2 references need to be fixed from here

@Article{alsaad2001,
  author       ={Al-Saad, Z. and M. Abdel-Halim},
  title        ={Laboratory evaluation of various types of mortars for the conservation of Qasr al-Bint monument, Petra-Jordan},
  volume       ={23},
  pages        ={926--933},
  date         ={2001},
  journaltitle ={Engineering Structures},
}

@Article{alshawabkehy2010,
  author       ={Alshawabkeh, Y. and F. Bala’awi},
  title        ={3D Digital Documentation, Assessment and Damage Quantification of the Al-Deir Monument in the Ancient City of Petra, Jordan},
  volume       ={12},
  number       ={2},
  pages        ={124--145},
  date         ={2010},
  journaltitle ={Conservation and Management of Archaeological Sites},
}

@Article{alweshahr1999,
  author       ={Al-Weshah, R.A. and F. El-Khouri},
  title        ={Flood Analysis and Mitigation for Petra Area in Jordan},
  volume       ={125},
  number       ={3},
  pages        ={170--177},
  date         ={1999},
  journaltitle ={Journal of Water Resources Planning and Management},
}

@TechReport{assante1993,
  author      ={Assante di Panzillo, C. and B. Bousquet and C. Jouffray and B. Lane and P. Laureano and A. Ohannessian-Charpin and J. Rewerski and F. Zayadine},
  title       ={Draft Management Plan for Petra Archaeological and Natural Park},
  institution ={UNESCO},
  date        ={1993},
  location    ={Paris},
}

@InProceedings{balaawi2011,
  author       = {Balaáwi, F. and Alawneh, F. and Alshawabkeh, F. and Waheeb, M.},
  title        = {Conservation Work at Petra: What has been done and what is needed},
  booktitle    = {Proceedings from the International Conference: Conservation of Architecture, Urban Areas, Nature \& landscape Towards a Sustainable Survival of Cultural Landscape},
  volume       = {2},
  pages        = {267--284},
  organization = {The Centre for Study of Architecture in the Arab Region},
  publisher    = {CSAAR Press},
  date         = {2011},
  location     = {Amman, Jordan},
}

@Article{bille2012,
  author       ={Bille, M.},
  title        ={Assembling Heritage: Investigating the UNESCO Proclamation of Bedouin Intangible Heritage in Jordan},
  volume       ={18},
  pages        ={107--123},
  date         ={2012},
  journaltitle ={International Journal of Heritage Studies},
}

@InProceedings{comer2011,
  author       = {Comer, D. and W. Willems},
  title        = {Tourism and Archaeological Heritage. Driver to Development or Destruction?},
  booktitle    = {Proceedings of the 17\textsuperscript{th} ICOMOS General Assembly. Aces du Symposium de la XVIIème assemblee generale de l’ICOMOS organisée par ICOMOS France},
  editor       = {Gottfried, C. and S. Hidalgo},
  volume       = {17},
  pages        = {499--511},
  organization = {ICOMOS},
  publisher    = {ICOMOS},
  date         = {2011},
  location     = {Paris},
}

@Book{comer2012,
  title     ={Tourism and Archaeological Management at Petra: Driver to Development or Destruction?},
  publisher ={Springer},
  author    ={Comer, D.},
  date      ={2012},
  location  ={New York},
}

@InCollection{delmonaco2013,
 author       ={Delmonaco, G. and Margottini, C. and Spizzichino, D.},
 title        ={Rock-Fall Hazard Assessment in the Siq of Petra, Jordan},
 booktitle    ={Risk-Assessment, Management and Mitigation},
 publisher    ={Springer Berlin Heidelberg},
 editor       ={Margottini, C. and Canuti, P. and Sassa, K.},
 volume       ={6},
 series       ={Landslide Science and Practice},
 pages        ={441--446},
 date         ={2013},
 organization ={The Second World Landslide Forum},
}

@InCollection{doehne2002,
  author       ={Doehne, E.},
  title        ={Salt Weathering: A Selective Review},
  booktitle    ={Natural Stone, Weathering Phenomena, Conservation Strategies and Case Studies},
  publisher    ={Geological Society of London},
  editor       ={Siegesmund, S and  S. Vollbrecht and T. Weiss},
  volume       ={205},
  series       ={Geological Society, London, Special Publication},
  pages        ={51--64},
  date         ={2002},
  organization ={Geological Society of London},
}

@Article{fhb03,
  author       ={Fitzner, B. and Heinrichs, K. and La Bouchardiere, D.},
  title        ={Weathering Damage on Pharaonic Sandstone Monuments in Luxor-Egypt},
  volume       ={38},
  pages        ={1089--1103},
  date         ={2003},
  journaltitle ={Building and Environment},
}

@Article{franchi2009,
  author       ={Franchi, R. and Savelli, D. and Colosi, F. and Drapp, P. and Gabrielli, R. and Moretti, E. and Peloso, D.},
  title        ={Petra and Beida (Jordan): two adjacent archaeological sites up to an exploitation of geomorphology-related topics for a cultural and touristic development},
  volume       ={87},
  pages        ={77--90},
  date         ={2009},
  journaltitle ={Memorie descrittive della carta geologica dítalia},
}

@Booklet{harding1938,
  title        ={Hashemite Kingdom of Jordan, Petra; A Brief History and Some Photographs},
  author       ={Harding, G.},
  howpublished ={Through the Department of Antiquities (Amman, Jordan) and Clowes (London, UK)},
  date         ={1938},
  location     ={Amman, Jordan},
}

@Article{heinrichs2008,
  author       ={Heinrichs, K.},
  title        ={Diagnosis of Weathering Damage on Rock-Cut Monuments in Petra, Jordan},
  volume       ={56},
  pages        ={643--675},
  date         ={2008},
  journaltitle ={Environmental Geology},
}

@InProceedings{heinrichs2013a,
  author       = {Heinrichs, K. and Azzam, R.},
  title        = {Investigation of salt weathering on stone monuments – the ‘petraSalt’ research project},
  booktitle    = {Proceedings of the 19\textsuperscript{th} Conference on Engineering Geology and of the Forum for Young Engineering Geologists},
  editor       = {K. Thuro},
  volume       = {19},
  pages        = {347--352},
  organization = {Technische Universität München},
  publisher    = {Technische Universität München},
  date         = {2013-03},
  location     = {Munich},
}

@InProceedings{heinrichs2013b,
  author       = {Heinrichs, K. and R. Azzam},
  title        = {Damage associated with geological discontinuities on rock-cut monuments in Petra / Jordan},
  booktitle    = {Proceedings of the 19\textsuperscript{th} Conference on Engineering Geology and of the Forum for young Engineering Geologists},
  editor       = {K. Thuro},
  volume       = {19},
  pages        = {583--588},
  organization = {Technische Universität München},
  publisher    = {Technische Universität München},
  note         = {2\textsuperscript{nd} article of K. Heinrichs and R. Azzam in the 19\textsuperscript{th} proceeding},
  date         = {2013},
  location     = {Munich},
}

@Www{icomos2004-2005,
  date ={2004/2005},
  url  ={http://www.icomos.org/risk/2004/jordan2004.pdf},
}

@InProceedings{icomos2005,
 author = {ICOMOS},
 title = {Jordan: Petra},
 booktitle = {Heritage at Risk 2004/2005},
 pages = {151--156},
 date = {2005},
 url = {http://www.icomos.org/risk/2004/jordan2004.pdf}
}

@Article{lingis2002,
  author       = {Lingis, A.},
  title        = {Petra},
  volume       = {1},
  number       = {1},
  pages        = {47--55},
  date         = {2002},
  journaltitle = {Journal of Visual Culture},
}

@Book{maqsood1994,
  title     = {Petra, A Travellerś Guide},
  publisher = {Bell and Bain Ltd.},
  author    = {Maqsood, R.},
  edition   = {first},
  date      = {1994},
  location  = {Glasgow (UK)},
}

@Article{matyscak2014,
  author       = {Matyšcák, O. and Ottosen, L. and I. Rörig-Dalgaard},
  title        = {Desalination of salt damaged Obernkirchen sandstone by an applied DC field},
  volume       = {71},
  pages        = {561--569},
  date         = {2014},
  journaltitle = {Construction and Building Materials},
}

@Article{mckenzie1991,
 author       = {McKenzie, J.},
 title        = {The Beduin at Petra: The Historical Sources},
 volume       = {23},
 number       = {1},
 pages        = {139--145},
 date         = {1991},
 journaltitle = {Levant},
}

@Article{mustafa2011,
 author       = {Mustafa, M.H. and Abu Tayeh, S.N.},
 title        = {The Impacts of Tourism Development on the Archaeological Site of Petra and Local Communities in Surrounding Villages},
 volume       = {7},
 number       = {8},
 pages        = {88--96},
 date         = {2011},
 journaltitle = {Asian Social Sciences},
}

@Article{mustafa2013,
  author       = {Mustafa, M.H. and Bala’awi, F.},
  title        = {Evaluating Visitor Management at the Archaeological Site of Petra},
  volume       = {13},
  number       = {1},
  pages        = {77--87},
  date         = {2013},
  journaltitle = {Mediterranean Archaeology and Archaeometry},
}

@Book{nichols2009,
  title     = {Sedimentology and Stratigraphy},
  publisher = {Wiley-Blackwell},
  author    = {Nichols, G.},
  edition   = {2},
  date      = {2009},
  location  = {Oxford (UK)},
}

@Article{ortloff2005,
  author       = {Ortloff, C.R.},
  title        = {The Water Supply and Distribution System of the Nabataean City of Petra (Jordan), 300 BC–AD 300},
  volume       = {15},
  number       = {1},
  pages        = {93--109},
  date         = {2005},
  journaltitle = {Cambridge Archaeological Journal},
}

@Book{paolini2012,
  title     = {Risk Management at Heritage Sites; A Case Study of the Petra World Heritage Site},
  publisher = {UNESCO},
  author    = {Paolini, A. and Vafadari, A. and Cesaro, G. and Quintero, M. and Van Balen, K. and Vileikis, O. and L. Fakhoury},
  date      = {2012},
}

@Article{papamichos2010,
  author       = {Papamichos, E.},
  title        = {Erosion and Multiphase Flow in Porous Media},
  volume       = {14},
  number       = {8-9},
  pages        = {1129--2254},
  date         = {2010},
  journaltitle = {European Journal of Environmental and Civil Engineering},
}

@Article{paradise1995,
  author       = {Paradise, T.},
  title        = {Sandstone Weathering Thresholds in Petra, Jordan},
  volume       = {16},
  pages        = {205--222},
  date         = {1995},
  journaltitle = {Physical Geography},
}

@Article{paradise2010,
  author       = {Paradise, T.},
  title        = {Sandstone Chamber Humidity and Tourism in Petra, Jordan},
  volume       = {16},
  number       = {2},
  pages        = {63--79},
  date         = {2010},
  journaltitle = {Journal of Architectural Conservation},
}

@Article{paradise2013,
  author       = {Paradise, T.},
  title        = {Assessment of tafoni distribution and environmental factors on a sandstone djinn block above Petra, Jordan},
  volume       = {42},
  pages        = {176--185},
  date         = {2013},
  journaltitle = {Applied Geography},
}

@Article{peterman1994,
  author       = {Peterman, G.},
  title        = {Archaeology in Jordan},
  volume       = {98},
  number       = {3},
  pages        = {521--559},
  date         = {1994},
  journaltitle = {American Journal of Archaeology},
}

@Article{rababeh2014,
  author       = {Rababeh, S. and H. Al-Qablan and S. Abu-Khafajah and M. El-Mashaleh},
  title        = {Structural utilization of wooden beams as anti-seismic and stabilising techniques in stone masonry in Qasr El-Bint, Petra, Jordan},
  volume       = {54},
  pages        = {60--69},
  date         = {2014},
  journaltitle = {Construction and Building Materials},
}

@Article{rörigdalgaard2015,
  author       = {Rörig-Dalgaard, I.},
  title        = {Further developments of a poultice for electrochemical desalination of porous building materials: minimization of side effects},
  volume       = {48},
  pages        = {1901--1917},
  date         = {2015},
  journaltitle = {Materials and Structures},
}

@InProceedings{sachet2010,
  author       = {Sachet, L.},
  title        = {Feasting with the Dead: Funerary Marzeah in Petra},
  booktitle    = {Death and Burial in Arabia and Beyond},
  editor       = {L. Weeks},
  volume       = {10},
  series       = {2107},
  pages        = {249--262},
  organization = {Multidisciplinary Perspective, Society for Arabian Studies Monograph},
  publisher    = {Archaeopress (BAR International Series)},
  date         = {2010},
  location     = {Oxford (UK)},
}

@Article{turkington2005,
  author       = {Turkington, A. and T. Paradise},
  title        = {Sandstone Weathering; a Century of Research and Innovation.},
  volume       = {68},
  pages        = {229--253},
  date         = {2005},
  journaltitle = {Geomorphology},
}

@TechReport{usicomos1996,
  author      = {US-ICOMOS},
  title       = {Management Analysis and Recommendations for the Petra World Heritage Site, Jordan},
  institution = {US-ICOMOS Jordan},
  type        = {Report},
  date        = {1996},
}

@Article{volkwein2011,
  author       = {Volkwein, A. and Schellenberg, K. and Labiouse, V. and Agliardi, F. and Berger, F. and Bourrier, F. and Dorren, L. and Gerber, W. and M. Jaboyedoff},
  title        = {Rockfall Characterisation and Structural Protection - A Review},
  volume       = {11},
  pages        = {2617--2651},
  date         = {2011},
  journaltitle = {Natural Hazards and Earth System Sciences},
}

@Www{wmpf1996-2016,
  date ={1996/2016},
  url  ={https://www.wmf.org/project/petra-archaeological-site},
}

@URL {worldmonumentsfund2017,
 author = {World Monuments Fund},
 title = {Petra Archaeological Site},
 date ={2017},
 url = {https://www.wmf.org/project/petra-archaeological-site},
}

@Article{young2003,
  author       = {Young, E. and Urquhart, D. and R. Laing},
  title        = {Maintenance and repair issues for stone cleaned sandstone and granite building façades},
  volume       = {38},
  pages        = {1125--1131},
  date         = {2003},
  journaltitle = {Building and Environment},
}

