%% LaTeX2e file `30-Koziar.bib'
%% generated by the `filecontents' environment
%% from source `_ijsra_2017_02_01' on 2017/06/08.
%%
@article{Runggaldier2001,
year = {2001},
author = {Runggaldier, A.},
title = {Mesoamerica: Strengths and Weaknesses of the Current Classification},
journaltitle = {American Anthropologist},
number = {103},
pages = {331-345},
}

@book{Restall2003,
 location = {New York},
 publisher = {Oxford University Press},
 author = {Restall, M.},
 title = {Seven myths of the Spanish Conquest},
 year = {2003},
}

@book{Carrasco1999,
location = {Boston},
publisher = {Beacon Press},
author = {Carrasco, D.},
title = {City of Sacrifice: The Aztec Empire and the Role of Violence in Civilization},
year = {1999}
}

@book{Bernal1980,
location =  {London},
author = {Bernal, I.},
publisher = {Thames and Hudson},
title = {A History of Mexican Archaeology: The Vanished Civilizations of Middle America},
year = {1980},
}


@article{Bonfil1977,
author = {Bonfil, B. G.},
journaltitle =  {Boletín Bibliográfico De Antropología Americana},
number = {48},
pages = {17-32},
title = {El Concepto De Indio En America: Una Categoria De La Situacion Colonial},
volume = {39},
year = {1977},
}


@book{Bueno2016,
location =  {Albuquerque, N.M.},
author = {Bueno, C.},
publisher = {University of New Mexico Press},
title = {The Pursuit of Ruins: Archaeology, History and the Making of Modern Mexico},
year = {2016},
}


@article{Caballero2008,
author = {Caballero López, P.},
journaltitle =  {Social Anthropology},
number = {3},
pages = {329-345},
title = {Which heritage for which heirs? The pre-Columbian past and the colonial legacy in the national history of Mexico},
volume = {16},
year = {2008},
}


@book{Cortes1971,
location =  {New York},
author = {Cortés, H.},
edition = {A. R. Pagden},
publisher = {Grossman Publishers},
title = {Letters from Mexico},
year = {1971},
}


@book{Diaz2005,
location =  {Tucson},
author = {Díaz Balsera, V.},
publisher = {The University of Arizona Press},
title = {The Pyramid under the Cross: Franciscan Discourses of Evangelization and the Nahua Christian Subject in Sixteenth-century Mexico},
year = {2005},
}


@book{Diaz1963,
location =  {Baltimore},
author = {Díaz del Castillo, B.},
edition = {J. M. Cohen},
publisher = {Penguin Books},
title = {The conquest of New Spain},
year = {1963},
}


@book{Escalante2013,
location =  {México},
author = {Escalante, P. G.},
publisher = {Fondo de Cultura Económica},
title = {Los códices mesoamericanos antes y después de la conquista española: historia de un lenguaje pictográfico},
year = {2013},
}


@article{Fowler1987,
author = {Fowler, D. D.},
journaltitle =  {American Antiquity},
number = {2},
pages = {229-248},
title = {Uses of the Past: Archaeology in the Service of the State},
volume = {52},
year = {1987},
}


@article{Gamio1942,
author = {Gamio, M.},
journaltitle =  {Boletín Bibliográfico De Antropología Americana},
number = {1/3},
pages = {35-42},
title = {Franz Boas en México},
volume = {6},
year = {1942},
}


@article{Gandara1981,
author = {Gándara, V. M.},
journaltitle =  {Boletín De Antropología Americana},
pages = {7-70},
title = {La vieja \enquote{nueva arqueología} (segunda parte)},
volume = {3},
year = {1981},
}


@article{Gandara1987,
author = {Gándara, V. M.},
journaltitle =  {Boletín De Antropología Americana},
pages = {5-13},
title = {Hacia una teoría de la observación en arqueología},
volume = {15},
year = {1987},
}


@techreport{Giles2015,
author = {Giles, R. V.},
title = {Destruyen restos arqueológicos para construir autopista en Morelos. [Website]},
year = {2015},
url = {http://www.cronica.com.mx/notas/2015/911229.html},
comment = {Accessed February 1st, 2016},
}


@article{Gomez2007,
author = {Gomez Goyzueta, F.},
journaltitle =  {Cuicuilco: Revista de la Escuela Nacional de Antropología e Historia},
number = {41},
pages = {217-242},
title = {Análisis del desarrollo disciplinar de la Arqueología Mexicana y su relación con el Patrimonio Arqueológico en la actualidad},
volume = {14},
year = {2007},
}


@article{Ortiz1996,
author = {Ortiz Elizondo, H. and Hernández Castillo, A.},
journaltitle =  {Political and Legal Anthropology Review (PoLAR)},
number = {1},
pages = {59-66},
title = {Constitutional Amendments and New Imaginings of the Nation: Legal Anthropological and Gendered Perspectives on \enquote{Multicultural Mexico}},
volume = {19},
year = {1996},
}


@article{Hernandez2002,
author = {Hernandez Castillo, R. A.},
journaltitle =  {Political and Legal Anthropology Review (PoLAR)},
number = {1},
pages = {90-109},
title = {Indigenous Law and Identity Politics in Mexico: Indigenous Men's and Women's Struggles for a Multicultural Nation},
volume = {25},
year = {2002},
}


@book{Howell2001,
location =  {Ithaca, New York},
author = {Howell, M. C. and W. Prevenier},
publisher = {Cornell University Press},
title = {From Reliable Sources: An Introduction to Historical Methods},
year = {2001},
}


@book{Leon2002,
location =  {Norman},
author = {León Portilla, M.},
editor = {translated by Mauricio J. Mixco},
publisher = {The University of Oklahoma Press},
title = {Bernardino de Sahagún: First Anthropologist},
year = {2002},
}


@book{Leon1996,
location =  {Leiden, Netherlands},
author = {León, L. V.},
publisher = {Centre of Non-Western Studies},
title = {El Leviatán arqueológico: antropología de una tradición científica en México},
year = {1996},
}


@techreport{Lobjois2013,
author = {Lobjois, B. M. S.},
title = {La arqueología mexicana en tiempos porfirianos y revolucionarios},
year = {2013},
}


@incollection{Lopez2010,
location =  {Mexico City},
author = {López Aguilar, F.},
booktitle = {Patrimonio, identidad y complejidad social: enfoques interdisciplinarios},
pages = {395-411},
publisher = {Escuela Nacional de Antropología e Historia},
title = {La arqueología Mexicana: Reflexiones sobre la ética y las prácticas académicas},
year = {2010},
}


@incollection{Lopez2001,
location = {Mexico City},
author = {López Luján, L.},
booktitle = {Descubridores del pasado en Mesoamérica},
publisher = {Antiguo Colegio de San Ildefonso},
year = {2001},
}


@incollection{Lopez2006,
location =  {Mexico City},
author = {López Luján, L.},
booktitle = {Carl Nebel: Pintor viajero del siglo XIX},
editor = {A. Aguilar},
pages = {20-33},
publisher = {Editorial Artes de México},
title = {La arqueología mesoamericana en la obra de Nebel},
year = {2006},
}


@article{Matos1979,
author = {Matos Moctezuma, E.},
journaltitle =  {Nueva Antropología-Revista de Ciencias Sociales},
pages = {7-25},
title = {Las corrientes arqueológicas en México},
volume = {12},
year = {1979},
}


@incollection{Matos1995,
author = {Matos Moctezuma, E.},
booktitle = {The Great Temple of Tenochtitlan: center and periphery in the Aztec world},
editor = {J. Broda and D. Carrasco and E. Matos Moctezuma},
pages = {15-60},
publisher = {University of California Press},
location={Berkeley},
title = {The Templo Mayor of Tenochtitlan: History and Interpretation},
year = {1995},
}


@incollection{Patterson1995,
location =  {Santa Fe, New Mexico},
author = {Patterson, T. C.},
booktitle = {Making Alternative Histories: The Practice of Archaeology and History in Non-Western Settings},
editor = {P. R. Schmidt and T. C. Patterson},
pages = {69-84},
publisher = {School of American Research Press},
title = {Archaeology, History, Indigenismo, and the State in Peru and Mexico},
year = {1995},
}


@incollection{Sanders2000,
author = {Sanders, W. T.},
booktitle = {Patrimonio y conservación arqueológica},
editor = { Paillés María,C. and Gómez Rueda,H.  and  Castillo Tejero,N.},
pages = {29-34},
publisher = {Inah-Conaculta},
title = {Cultural Heritage: Redefinition and Reevaluation},
year = {2000},
}


@book{Skidmore1989,
location =  {Oxford},
author = {Skidmore, T. E. and Smith,P. H. },
publisher = {Oxford University Press},
title = {Modern Latin America, 2nd ed},
year = {1989},
}


@book{Swarthout2004,
location =  {New York},
author = {Swarthout, K. R.},
publisher = {Peter Lang Publishing Inc},
title = {Assimilating the Primitive: Parallel Dialogues on Racial Miscegenation in Revolutionary Mexico},
year = {2004},
}


@book{Todorov1984,
location =  {New York},
author = {Todorov, T.},
publisher = {Harper and Row Publishers},
title = {The Conquest of America: The Question of the Other, translated by Richard Howard},
year = {1984},
}


@book{Trigger2006,
location =  {New York},
author = {Trigger, B.},
publisher = {Cambridge University Press},
title = {A History of Archaeological Thought},
edition = {2},
year = {2006},
}


@incollection{Villela2010a,
location =  {Los Angeles},
author = {Villela, K. D.},
booktitle = {The Aztec Calendar Stone},
editor = {K. D. Villela and Miller, M. E. },
pages = {50-57},
publisher = {Getty Publications},
title = {Editor's Commentary},
year = {2010},
}


@incollection{Villela2010b,
location =  {Los Angeles},
author = {Villela, K. D.},
booktitle = {The Aztec Calendar Stone},
editor = {K. D. Villela and M. E. Miller},
pages = {81-82},
publisher = {Getty Publications},
title = {Editor's Commentary},
year = {2010},
}


@article{Zermeno2002,
author = {Zermeño, G.},
journaltitle =  {Nepantla: Views from South},
number = {2},
pages = {315-331},
title = {Between Anthropology and History: Manuel Gamio and Mexican Anthropological Modernity (1916-1935)},
volume = {3},
year = {2002},
}
