%% LaTeX2e file `31-Croucher.bib'
%% generated by the `filecontents' environment
%% from source `31-Croucher' on 2017/05/29.
%%
%Bibliography-data HERE
