%% LaTeX2e file `32-Hawkins.bib'
%% generated by the `filecontents' environment
%% from source `32-Hawkins' on 2017/06/01.
%%
%Bibliography-data HERE
