%% LaTeX2e file `34-Harris.bib'
%% generated by the `filecontents' environment
%% from source `34-Harris' on 2017/06/07.
%%
%Bibliography-data HERE
