% \protect\input{26-Maggio.bib}
% \protect\input{27-Bruyn-Jordaan.bib}

%% LaTeX2e file `27-Bruyn-Jordaan.bib'
%% generated by the `filecontents' environment
%% from source `_ijsra_2017_02_01' on 2017/04/07.
%%
@online{Pithouse2010,
author = {Pithouse, R.},
year = {2010},
title = {Universities for Bread and Roses},
organization  = {The South African Civil Society Information Service},
url = {http://www.sacsis.org.za/site/article/441.1},
urldate = {2017-04-07}
}

@article{Summers1995,
author = {Summers, R.},
year = {1995},
title = {A president looks back},
journaltitle = {South African Archaeological Bulletin},
volume = {50},
pages  = {175\psq}}


%% LaTeX2e file `26-Maggio.bib'
%% generated by the `filecontents' environment
%% from source `_ijsra_2017_02_01' on 2017/04/07.
%%
@book{An2003,
   author = {An, Yuehuei H. and Martin, Kylie L.},
   title = {Handbook of Histology Methods for Bone and Cartilage},
   publisher = {Humana Press},
   location = {Totowa},
   year = {2003},
  }
@book{Crowder2005,
author = {Crowder, C.},
year = {2005},
title = {Evaluating the use of quantitative bone histology to estimate adult age at death},
publisher = {ProQuest Dissertations Publishing}
}

@article{DeBoer2016,
author = {De Boer, H. H. and van der Merwe, A. E.},
year = {2016},
title = {Diagnostic dry bone histology in human paleopathology},
journal = {Clin Anat},
volume = {29},
pages = {831-843}
}

@proceedings{Grupe2012,
author = {Grupe, G. and Garland, A. N.},
year  = {2012},
title = {Histology of Ancient Human Bone},
subtitle = {Methods and Diagnosis},
eventtitle = {Proceedings of the “Palaeohistology Workshop”},
eventdate = {1990-10-03/1990-10-05},
venue ={Göttingen},
location = {Berlin},
publisher = {Springer},
}

@article{Hillier2007,
author = {Hillier, M. L. and Bell, L. S.},
year = {2007},
title = {Differentiating Human Bone from Animal Bone},
subtitle = {A Review of Histological Methods},
journaltitle = {Journal of Forensic Sciences},
volume = {52},
pages = {249-263},
}

@article{Hollund2012,
author = {Hollund, H. I. and  Jans, M. M. E. and  Collins, M. J. and Kars, H. and  Joosten, I. and Kars, S. M.},
year = {2012},
title = {What Happened Here?},
subtitle = {Bone Histology as a Tool in Decoding the Postmortem Histories of Archaeological Bone from Castricum, The Netherlands},
journaltitle = {International Journal of Osteoarchaeology},
volume = {22},
pages = {537-548},
}

@book{Horocholyn2013,
author = {Horocholyn, K.},
year = {2013},
title = {Comparative Histology of Burned Mammals Using Light Microscopy},
subtitle = {Examining Heat-Induced Changes in Femoral Samples of Deer, Pig and Cow},
publisher = {ProQuest Dissertations Publishing},
}

@book{Recker1983,
editor = {Recker, R. R.},
year = {1983},
title = {Bone histomorphometry},
subtitle = {Techniques and interpretation},
location = {Boca Raton},
publisher = {CRC Press}
}

