%% LaTeX2e file `_newarticle_ijsra_1.bib'
%% generated by the `filecontents' environment
%% from source `_newarticle_ijsra_1' on 2017/04/19.
%%
%Bibliography-data HERE
