%% LaTeX2e file `17Pereda.bib'
%% generated by the `filecontents' environment
%% from source `17Pereda' on 2016/12/16.
%%
@book{Biller_2001,
 editor = {Biller, P. and Ziegler, J.},
 title = {Religion and medicine in the Middle Ages},
 date = {2001},
 series = {York Studies in Medieval Theology},
 number = {III},
 publisher = {The University of York},
 location = {Woodbridge},
}

@book{Bowers_2007,
 editor = {Bowers, B.S.},
 title = {The Medieval Hospital and Medical Practice},
 date = {2007},
 series = {AVISTA Studies in the History of Medieval Technology, Science and Art},
 volume = {3},
 publisher = {Ashgate},
 location = {Aldershot},
}

@book{Brodman_2009,
 author = {Brodman, J.},
 title = {Charity and religion in Medieval Europe},
 date = {2009},
 publisher = {The Catholic University of America Press},
 location = {Washington D.C.},
}

@book{Clay_1966,
 author = {Clay, R.M.},
 title = {The Mediaeval Hospitals of England},
 date = {1966},
 publisher = {Routledge},
 location = {London},
}

@misc{Cullum_1991,
 author = {Cullum, P.H.},
 title = {Cremetts and corrodies: care of the poor and the sick at St Leonard’s Hospital, York in the Middle Ages},
 series = {Borthwick Papers},
 date = {1991},
 publisher = {University of York},
 location = {York},
 number = {179},
}

@incollection{Cullum_1999,
 author = {Cullum, P.H.},
 editor = {Smith, D.M.},
 title = {St Leonard’s Hospital, York, in 1287},
 booktitle = {The Church in Medieval York. Records edited in honour of Professor Barrie Dobson},
 date = {1999},
 pages = {17--28},
 publisher = {University of York},
 location = {York},
}

@book{Dainton_1961,
 author = {Dainton, C.},
 title = {The Mediaeval Hospitals of England},
 date = {1961},
 publisher = {Museum Press Limited},
 location = {London},
}

@book{Dean_2008,
 author = {Dean, G.},
 title = {Medieval York},
 date = {2008},
 publisher = {The History Press},
 location = {Stroud},
}

@incollection{Egan_2007,
 author = {Egan, G.},
 editor = {B.S.},
 title = {Material culture of care for the sick: some excavated evidence from English medieval Hospitals and other sites},
 booktitle = {The Medieval hospital and Medieval practice},
 date = {2007},
 pages = {65--76},
 publisher = {Ashgate},
 location = {Aldershot},
}

@book{Goldberg_1992,
 author = {Goldberg, P.J.P.},
 title = {Women, work and life cycle in a Medieval economy. Women in York and Yorkshire, c. 1300-1520},
 date = {1992},
 publisher = {Claredon Press},
 location = {Oxford},
}

@book{Henderson_2006,
 author = {Henderson, J.},
 title = {The Renaissance Hospital. Healing the body and healing the soul},
 date = {2006},
 publisher = {Yale University Press},
 location = {London},
}

@online{Johnson_2014,
 author = {Johnson, A.},
 title = {A history of Archaeology Live! Year one: St. Leonard’s 2001},
 date = {2014},
 url = {https://archaeologylive.wordpress.com/2014/06/20/a-history-of-archaeology-live-year-one-st-leonards-2001},
 organization = {Archaeology Live!},
 date = {20},
 month = {04},
 year = {2015},
}

@book{Malcom_2014,
 author = {Malcom, G. and Sloane, B.},
 title = {Excavations at the priory of the Order of the Hospital of St John of Jerusalem, Clerkenwell, London},
 date = {2014},
 publisher = {Museum of London Archaeology Service},
 location = {London},
}

@book{Orme_1995,
 author = {Orme, N. and Webster, M.},
 title = {The English Hospital. 1070-1570},
 date = {1995},
 publisher = {Yale University Press},
 location = {London},
}

@online{Page_1974,
 author = {Page, W.},
 title = {Victoria County History},
 date = {1974},
 url = {http://www.british-history.ac.uk/vch/yorks/vol3/pp336-352},
 subtitle = {A history of the County of York. Volume 3},
 organization = {British History Online},
 date = {20},
 month = {04},
 year = {2015},
}

@book{Palliser_2014,
 author = {Palliser, D.M.},
 title = {Medieval York. 600-1540},
 date = {2014},
 publisher = {Oxford University Press},
 location = {Oxford},
}

@book{Phillpotts_1997,
 author = {Thomas, C. and Sloane, B. and Phillpotts, C.},
 title = {Excavations at the Priory and Hospital of St Mary Spital, London},
 date = {1997},
 publisher = {Museum of London Archaeology Service},
 location = {London},
}

@book{Raine_1955,
 author = {Raine, A.},
 title = {Mediaeval York. A topographical survey based on original sources},
 date = {1955},
 publisher = {John Murray},
 location = {London},
}

@book{Rawcliffe_1995,
 author = {Rawcliffe, C.},
 title = {The hospitals of Medieval Norwich. Studies in East Anglian History 2},
 date = {1995},
 publisher = {University of East Anglia},
 location = {Norwich},
}

@book{Rawcliffe_1999,
 author = {Rawcliffe, C.},
 title = {Medicine for the soul. The life, death and resurrection of an English Medieval Hospital. St Giles’s, Norwich, c. 1249-1550},
 date = {1999},
 publisher = {Sutton Publishing},
 location = {Stroud},
}

@book{Rawcliffe_2004,
 editor = {Rawcliffe, C. and Wilson, R.},
 title = {Medieval Norwich},
 date = {2004},
 publisher = {Hambledon},
 location = {London},
}

@book{Rider_2012,
 editor = {Rider, C.},
 title = {Magic and Religion in Medieval England},
 date = {2012},
 publisher = {Reaktion Books},
 location = {England},
}

@article{Rogers_2001,
 author = {Rogers, J. and Waldron, T.},
 title = {DISH and the Monastic Way of Life},
 journaltitle = {International Journal of Osteoarchaeology},
 date = {201},
 volume = {11},
 number = {5},
 pages = {357--365},
}

@misc{Stell_1996,
 author = {Stell, P.},
 title = {Medical practice in Medieval York},
 series = {Borthwick Papers},
 date = {1991},
 publisher = {University of York},
 location = {York},
 number = {90},
}

@book{Thomas_2002,
 editor = {Thomas, C. },
 title = {The archaeology of medieval London},
 date = {2002},
 publisher = {Sutton Publishing},
 location = {Stroud},
}

@online{Unknown_1957,
 editor = {Sheppard, F.H.W.},
 title = {Survey of London: Volume 27, Spitalfields and Mile End New Town, pp.21-23},
 date = {1957},
 url = {http://www.british-history.ac.uk/survey-london/vol27/pp21-23},
 subtitle = {The Priory of St. Mary Spital},
 organization = {British History Online},
 date = {16},
 month = {08},
 year = {2016},
}

@article{Verlaan_2007,
 author = {Verlaan, J. and Oner, F. and Maat, G.},
 title = {Diffuse idiopathic skeletal hyperostosis in ancient clergymen},
 journaltitle = {European Spine Journal},
 date = {2007},
 volume = {16},
 number = {8},
 pages = {1129--1135},
}

@article{Waldron_1985,
 author = {Waldron, T.},
 title = {DISH at Merton Priory: evidence for a "new" occupational disease? },
 journaltitle = {British Medical Journal},
 date = {1985},
 volume = {291},
 pages = {1762--1763},
}

@article{Watson_2006,
 author = {Watson, S.},
 title = {The Origins of the English Hospital},
 journaltitle = {Transactions of the Royal Historical Society: Sixth Series},
 date = {2006},
 volume = {16},
 pages = {75--94},
}

@incollection{White_2007,
 author = {White, W.},
 editor = {Bowers, B.S.},
 title = {Excavations at St Mary Spital: burial of the “Sick Poore” of Medieval London, the evidence of illness and hospital treatment},
 booktitle = {The Medieval hospital and Medieval practice},
 date = {2007},
 pages = {59--64},
 publisher = {Ashgate},
 location = {Aldershot},
}

@online{YorkMuseumGardens_2016,
 title = {St Leonard’s Hospital},
 date = {2016},
 url = {http://www.yorkmuseumgardens.org.uk/about/st-leonards-hospital/},
 OPTorganization = {York Museum Gardens},
 OPTdate = {20},
 OPTmonth = {09},
 OPTyear = {2016},
}


