%% LaTeX2e file `Davis.bib'
%% generated by the `filecontents' environment
%% from source `Davis' on 2016/09/29.
%%
%Bibliography-data HERE
