%% LaTeX2e file `Gyngell.bib'
%% generated by the `filecontents' environment
%% from source `Gyngell' on 2016/12/14.
%%
%Bibliography-data HERE
@incollection{Bar-Yosef_1983,
 author = {Bar-Yosef, O.},
 editor = {Young, T. and Smith, P. and Mortensen, P.},
 title = {The Natufian in the Southern Levant},
 booktitle = {The Hilly Flanks and Beyond: Essays on the Prehistory of  Southwestern Asia},
 date = {1983},
 pages = {11--42},
 publisher = {The Oriental Institute of the University of Chicago},
 location = {Chicago},
}

@article{Bar-Yosef_1998,
 author = {Bar-Yosef, O.},
 title = {The Natufian Culture in the Levant, Threshold to the Origins of  Agriculture},
 journaltitle = {Evolutionary Anthropology},
 date = {1998},
 pages = {159-–177},
 volume = {6},
}

@article{Bar-Yosef_2011,
 author = {Bar-Yosef, O.},
 title = {Climatic Fluctuations and Early Farming in West and East Asia},
 journaltitle = {Current Anthropology},
 date = {2011},
 pages = {S175--S193},
 volume = {52},
 series= {4},
}

@article{Bar-Yosef_1989,
 author = {Bar-Yosef, O. and Belfer-Cohen, A.},
 title = {The Origins of Sedentism and Farming Communities in the Levant},
 journaltitle = {Journal of World Prehistory},
 date = {1989},
 pages = {447--498},
 volume = {3},
 issue = {4},
}

@incollection{Bar-Yosef_1991,
 author = {Bar-Yosef, O. and Valla, R.},
 editor = {Bar-Yosef, O. and Valla, R.},
 title = {The Natufian Culture: An Introduction},
 booktitle = {The Natufian Culture in the Levant},
 date = {1991},
 pages = {1--10},
 publisher = {International  Monographs in Prehistory},
 location = {Michigan},
}

@article{Belfer-Cohen_1991,
 author = {Belfer-Cohen, A.},
 title = {The Natufian in the Levant},
 journaltitle = {Annual Review of Anthropology},
 date = {1991},
 volume = {20],
 pages = {167--186},
}

@incollection{Belfer-Cohen_2013,
 author = {Belfer-Cohen, A. and Goring-Morris, A.},
 editor = {Bar-Yosef, O. and Valla, F.},
 title = {Breaking the Mould: Phases and Facies in the  Natufian of the Mediterranean Zone},
 booktitle = {Natufian  Foragers in the Levant: Terminal Pleistocene Social Changes in Western Asia},
 date = {2013},
 pages = {544--561},
 publisher = {International  Monographs in Prehistory},
 location = {Michigan},
}

@book{Byrd_2005,
 author = {Byrd, B.},
 title = {Early Village Life at Beidha, Jordan: Neolithic Spatial Organisation and Vernacular Architecture},
 date = {2005},
 publisher = {Oxford University Press},
 location = {New York},
}

@article{Boyd_2006,
 author = {Boyd, B.},
 title = {On ‘sedentism’ in the Later Epipalaeolithic (Natufian) Levant},
 journaltitle = {World Archaeology},
 date = {2006},
 volume = {38},
 issue = {2},
 pages = {164--178},
}

@book{Childe_1953,
 author = {Childe, V.},
 title = {New Light on the Most Ancient Near East},
 date = {1953},
 publisher = {Praeger},
 location = {New York},
}

@article{Edwards_1989,
 author = {Edwards, P. C.},
 title = {Problems of recognising earliest sedentism: the Natufian example},
 journaltitle = {Journal of Mediterranean Archaeology},
 date = {1989},
 volume = {2},
 pages = {5--48},
}

@book{Edwards_2013,
 author = {Edwards, P. C.},
 title = {Wadi Hammeh 27, an Early Natufian Settlement at Pella in Jordan},
 date = {2013},
 publisher = {Brill},
 location = {Leiden},
}

@article{Edwards_2015,
 author = {Edwards, P. C.},
 title = {Natufian interactions along the Jordan Valley},
 journaltitle = {Palestine Exploration Quarterly},
 date = {2015},
 volume = {4},
 issue - {147},
 pages = {272--282},
}

@book{Fletcher_2007,
 author = {Fletcher, R.},
 title = {The Limits of Settlement Growth: A Theoretical Outline},
 date = {2007},
 publisher = {Cambridge University Press},
 location = {Cambridge},
}

@article{Garrod_1957,
 author = {Garrod, D.},
 title = {The Natufian culture: the life and economy of a Mesolithic people in the Near East},
 journaltitle = {Proceedings of the British Academy},
 date = {1957},
 issue - {43},
 pages = {211--227},
}

@article{Habu_1996,
 author = {Habu, J.},
 title = {Jomon sedentism and intersite variability: collectors of the Early Jomon Moroiso Phase in Japan},
 journaltitle = {Arctic Anthropology},
 date = {1996},
 volume = {33},
 issue - {2},
 pages = {38--49},
}

@article{Hardy-Smith_2004,
 author = {Hardy-Smith, T. and Edwards, P. C.},
 title = {The garbage crisis in prehistory: artefact  discard patterns at the Early Natufian site of Wadi Hammeh 27 and the origins of  household refuse disposal strategies},
 journaltitle = {Journal of Anthropological Archaeology},
 date = {2004},
 issue - {23},
 pages = {253–-289},
}

@incollection{Lieberman_1999,
 author = {Lieberman, D.},
 editor = {Rocek, T. and Bar-Yosef, O.},
 title = {Natufian “Sedentism” and the Importance of Biological Data for  Estimating Reduced Mobility},
 booktitle = {Seasonality and Sedentism: Archaeological Perspectives from Old and New World Sites},
 date = {1999},
 publisher = {Peabody Museum of Archaeology and Ethnology},
 location = {Harvard University},
 pages = {75--92},
}

@book{Parslow_2009,
 author = {Parslow, C.},
 title = {Social Interaction in the Prehistoric Natufian: Generating an interactive agency model using GIS},
 date = {2009},
 publisher = {Archaeopress},
 location = {Oxford},
}

@incollection{Shewan_2004,
 author = {Shewan, L.},
 editor = {Delage, C.},
 title = {Natufian Settlement Systems and Adaptive Strategies: The Issue of Sedentism and the Potential of Strontium Isotope Analysis},
 booktitle = {The Last Hunter-Gatherer Societies in the Near East},
 date = {1999},
 publisher = {John and Erica Hedges},
 location = {Oxford},
 pages = {55--94},
}

@article{Stutz_2002,
 author = {Stutz, A.},
 title = {Polarizing microscopy identification of chemical diagenesis in  archaeological cementum},
 journaltitle = {Journal of Archaeological Science},
 issue - {29},
 pages = {1327–-1347},
}

@incollection{Tchernov_1991,
 author = {Tchernov, E.},
 editor = {Bar-Yosef, O. and Valla, F.},
 title = {Biological evidence for human sedentism in southwest Asia during  the Natufian},
 booktitle = {The Natufian Culture in the Levant},
 date = {1991},
 pages = {315–-340},
 publisher = {International  Monographs in Prehistory},
 location = {Michigan},
}

@incollection{Valla_1999,
 author = {Valla, F.},
 editor = {Rocek, T. and Bar-Yosef, O.},
 title = {Natufian Seasonality: A Guess},
 booktitle = {Seasonality and Sedentism: Archaeological Perspectives from Old and New World Sites},
 date = {1999},
 publisher = {Peabody Museum of Archaeology and Ethnology},
 location = {Harvard University},
 pages = {93-108},
}

@article{Yeshurun_2014,
 author = {Yeshurun, R. and Bar-Oz, G. and Weinstein-Evron, M.},
 title = {Intensification and sedentism in  the terminal Pleistocene Natufian sequence of el-Wad Terrace (Israel)},
 journaltitle = {Journal of  Human Evolution},
 date = {2014},
 issue = {70},
 pages = {16-35},
}


