%% LaTeX2e file `WAC.bib'
%% generated by the `filecontents' environment
%% from source `WAC' on 2016/11/12.
%%
@misc{closingWAC,
 title = {Closing Comments to WAC-8 and announcement of the creation of the Joan Gero Book Award},
 url = {http://worldarch.org/blog/closing-comments-to-wac-8-and-announcement-of-the-creation-of-the-joan-gero-book-award/},
 journal = {World Archaeological Congress News},
 publisher = {World Archaeological Congress},
 year = {2016},
 month = {Sept}
}

@misc{addressWAC,
 title = {Presidents Address at WAC-8},
 url = {http://worldarch.org/blog/presidents-address-at-wac-8/},
 journal = {World Archaeological Congress News},
 publisher = {World Archaeological Congress},
 year = {2016},
 month = {Sept}
}

@misc{aboutWAC,
 title = {WAC, About WAC},
 url = {http://worldarch.org/about-wac/},
 journal = {World Archaeological Congress News},
 publisher = {World Archaeological Congress},
 year = {2016},
 month = {Sept}
}

@misc{welcomeWAC,
 title = {Welcome to WAC-8 Kyoto},
 url = {http://wac8.org/},
 journal = {World Archaeological Congress News},
 publisher = {World Archaeological Congress},
 year = {2016},
 month = {Sept}
}
