%% LaTeX2e file `Kenny.bib'
%% generated by the `filecontents' environment
%% from source `Kenny' on 2016/12/13.
%%
%Bibliography-data HERE
