%% LaTeX2e file `Pereda.bib'
%% generated by the `filecontents' environment
%% from source `Pereda' on 2016/12/01.
%%
%Bibliography-data HERE
