%% LaTeX2e file `noauthornameYET.bib'
%% generated by the `filecontents' environment
%% from source `noauthornameYET' on 2016/09/15.
%%
Bibliography-files
