%% LaTeX2e file `Raza.bib'
%% generated by the `filecontents' environment
%% from source `Raza' on 2016/12/16.
%%
%.bib needs revision

@incollection{Abdullaev1995,
    author = {Abdullaev, K.},
    title = {Armour of ancient Bactria},
    pages = {163--180},
    editor = {Invernizzi, A.},
    booktitle = {In the land of the gryphons: papers on Central Asian archaeology in antiquity},
    publisher = {Le lettere},
    location = {Firenze},
    year = {1995},
    }

@incollection{Alonso2013,
    author = {Alonso Troncoso, V.},
    title = {The Diadochi and the zoology of kingship: The elephants},
    pages = {254--270},
    editor = {Alonso Troconso, V. and Anson, E.},
    booktitle = {After Alexander: The Time of the Diadochi (323-281 BC)},
    publisher = {Oxbow Books},
    location = {Oxford},
    year = {2013},
    }

Alonso Troncoso, V., 2014: The Zoology of Kingship: From Alexander the Great to the Epigoni (336 – c. 250 BC). ANABASIS 5, 53–75.

@book{Alter2004,
 author = {Alter, S.},
 title = {Elephas Maximus},
 publisher = {Harcourt},
 location = {Orlando},
 year = {2004},
 }

Appian, White, H., 2014: Roman History. Cambridge: Harvard University Press.

Aristotle, Peck, A.L., 2014: History of Animals. Cambridge: Harvard University Press.

Arrian, Hammond, M., Atkison, J., 2013: Alexander the Great: The Anabasis and the Indica. Oxford: Oxford University Press.

@article{Bannikov2013,
   author = {Bannikov, A.V. and Popov, A.},
   title = {War elephants in Greco-Bactrian and Indo-Greek Armies},
   pages = {1206--1211},
   journaltitle = {World Applied Sciences Journal},
   volume = {27},
   year ={2013},
    }

@book{Billows1995,
    author = {Billows, R.},
    title = {Kings and colonists: Aspects of Macedonian imperialism},
    publisher = {Brill},
    location = {Leiden},
    year = {1995},
    }

Bopearachchi, O., 1990: Graeco-Bactrian Issues of Later Indo-Greek Kings. The Numismatic Chronicle 150, 79–103.

@book{Bopearachchi1991,
    author = {Bopearachchi, O.},
    title = {Monnaies gréco-bactriennes et indo-grecques: Catalogue raisonné},
    publisher = {Bibliothèque nationale},
    location = {Paris},
    year = {1991},
    }

@book{Bopearachchi1993,
    author = {Bopearachchi, O.},
    title = {Indo-Greek, Indo-Scythian and Indo-Parthian coins in the Smithsonian Institution},
    publisher = {National Numismatic Collection, Smithsonian Institution},
    location = {Washington},
    year = {1993},
    }

@incollection{Bopearachchi2007,
    author = {Bopearachchi, O.},
    title = {Some Observations on the Chronology of the Early Kushans},
    pages = {41--54},
    editor = {Gyselen, R.},
    booktitle = {Des Indo-Grecs aux Sassanides: Données pour l’histoire et la géographie historique},
    publisher = {Groupe pour l’étude de la civilisation du Moyen-Orient},
    location = {Bures-sur-Yvette},
    year = {2007},
    }

@incollection{Bopearachchi2011,
    author = {Bopearachchi, O.},
    title = {The emergence of the Graeco-Baktrian and Indo-Greek kingdoms},
    pages = {47--50},
    editor = {Wright, N.L.},
    booktitle = {Coins from Asia Minor and the East, Selections from the Colin E. Pitchfork Collection},
    publisher = {Numismatic Association of Australia},
    location = {Adelaide},
    year = {2011},
    }

Bopearachchi, O., 2015: The Evidence of the Overstrikes for the Reconstruction of the History of the Indo-Greeks, in Bopearachchi, O., (ed), From Bactria to Taprobane: Selected Works of Osmund Bopearachchi, Central Asian and Indian Numismatics, Volume 1, pp.1171–1200. New Delhi: Manohar Publishers \& Distributors.

@article{Bukharin2004,
   author = {Bukharin, M.},
   title = {Early royal dynasties in the Puranas, epics and classical tradition},
   pages = {51--80},
   journaltitle = {Indologica Taurinensia},
   volume = {30},
   year ={2004},
    }

Campbell, J., and Zimmer, H. (eds), 2015: Myths and Symbols in Indian Art and Civilization. Princeton: Princeton University Press.
(Is: Campbell2015 in-text)

@online{Coin,
   title = {Coin India: The Virtual Museum of Indian Coins},
   url = {http://coinindia.com/},
   shorthand = {Coin India},
   urldate = {2016-08-30},
    }

@incollection{Cribb2011,
    author = {Cribb, J.},
    title = {Money as a marker of cultural continuity and change in Central Asia},
    pages = {333--375},
    editor = {Cribb, J. and Herrmann, G.},
    booktitle = {After Alexander: Central Asia before Islam},
    publisher = {Oxford University Press},
    location = {Oxford},
    year = {2011},
    }

@book{Curtis2007,
    editor = {Curtis, V. and Errington, E.},
    title = {From Persepolis to the Punjab: Exploring ancient Iran, Afghanistan and Pakistan},
    publisher = {British Museum Press},
    location = {London},
    year = {2007},
    }

Dahmen, K., 2007: The legend of Alexander the Great on Greek and Roman Coins. New York: Routledge.

@book{Dhammika2005,
    author = {Dhammika, S.},
    title = {The Buddha and his disciples},
    publisher = {Buddhist Publication Society},
    location = {Kandy},
    year = {2005},
    }

@article{Dhavalikar1981,
   author = {Dhavalikar, M.},
   title = {Antiquity of Ganesa: The numismatic evidence},
   pages = {137--145},
   journaltitle = {Indologica Taurinensia},
   volume = {8--9},
   year ={1981},
    }

Erickson, K., 2013: Seleucus I, Zeus and Alexander, in Melville, C., and Mitchell, L., (eds), Every Inch a King: Comparative Studies on Kings and Kingship in the Ancient and Medieval Worlds, pp.109–128. Boston: Brill.

Fussman, G., 1993: Ménandre l'Indo-grec ou Paul Demiéville revisité.  Journal Asiatique 281 (1-2), 61–137.

@book{Gonda1966,
    author = {Gonda, J.},
    title = {Ancient Indian kingship from the religious point of view},
    publisher = {Brill},
    location = {Leiden},
    year = {1966},
    }

@book{Green1993,
    author = {Green, P.},
    title = {Alexander to Actium: The historical evolution of the Hellenistic age},
    publisher = {University of California Press},
    location = {Berkeley},
    year = {1993},
    }

@book{Gupta1983,
    author = {Gupta, S.K.},
    title = {Elephant in Indian art and mythology},
    publisher = {Abhinav Publications},
    location = {New Delhi},
    year = {1983},
    }

@incollection{Hollis2011,
    author = {Hollis, A.},
    title = {Greek Letters in Hellenistic Bactria},
    pages = {104--118},
    editor = {Obbink, D. and Rutherford, R. B.},
    booktitle = {Culture in pieces: Essays on ancient texts in honour of Peter Parsons},
    publisher = {Oxford University Press},
    location = {Oxford},
    year = {2011},
    }

Holt, F.L, 1981: The Euthydemid Coinage of Bactria: Further Hoard Evidence from Ai Khanoum. Revue Numismatique 23, 7–44.

@book{Holt1999,
    author = {Holt, F. L.},
    title = {Thundering Zeus: The making of Hellenistic Bactria},
    publisher = {University of California Press},
    location = {Berkeley},
    year = {1999},
    }

@book{Holt2003,
    author = {Holt, F. L.},
    title = {Alexander the Great and the mystery of the elephant medallions},
    publisher = {University of California Press},
    location = {Berkeley},
    year = {2003},
    }

@book{Holt2005,
    author = {Holt, F. L.},
    title = {Into the land of bones: Alexander the Great in Afghanistan},
    publisher = {University of California Press},
    location = {Berkeley},
    year = {2005},
    }

@book{Holt2012,
    author = {Holt, F. L.},
    title = {Lost World of the Golden King: In Search of Ancient Afghanistan},
    publisher = {University of California Press},
    location = {Berkeley},
    year = {2012},
    }

@book{Howgego1995,
    author = {Howgego, C.},
    title = {Ancient history from coins},
    publisher = {Routledge},
    location = {London},
    year = {1995},
    }

Hudson, D.D., 2008: The Body of God: An Emperor's Palace for Krishna in Eighth-Century Kanchipuram. Oxford: Oxford University Press.

Huntingford, G.W.B, 1980: The Periplus of the Erythraean Sea, by an Unknown Author. London: Hakluyt Society.

@article{Iossif2010,
   author = {Iossif, P. P. and Lorber, C.},
   title = {The Elephantarches Bronze of Seleucos I Nikator},
   pages = {147--164},
   journaltitle = {Syria},
   volume = {87},
   year ={2010},
    }

Justin, Yardley, J.C., Develin, R., 1994: Epitome of the Philippic history of Pompeius Trogus. Atlanta: Scholars Press.

@article{Kalita1997,
   author = {Kalita, S.},
   title = {Portraits of rulers on Greco-Bactrian and Indo-Greek coins},
   pages = {7--24},
   journaltitle = {Notae Numismaticae - Zapiski Numizmatyczne},
   volume = {2},
   year = {1997},
    }

@incollection{Lerner2009,
    author = {Lerner, Judith A.},
    title = {Animal headdresses on the sealings of the Bactrian documents},
    pages = {215--226},
    editor = {Sundermann, W. and Hintze, A. and de Blois, F.},
    booktitle = {Exegisti Monumenta: Festschrift in Honour of Nicholas Sims-Williams},
    publisher = {Harrassowitz Verlag},
    location = {Wiesbaden},
    year = {2009},
    }

@book{Lerner1999,
    author = {Lerner, Jeffrey D.},
    title = {The Impact of Seleucid Decline on the eastern Iranian plateau},
    subtitle = {The foundations of Arsacid Parthia and Graeco-Bactria},
    publisher = {Steiner},
    location = {Stuttgart},
    year = {1999},
    }

Libanius, Downey, G., 1959: Libanius' Oration in Praise of Antioch (Oration XI). Proceedings of the American Philosophical Society 103 (5), 652–686.

@incollection{MacDowall2007b,
    author = {MacDowall, D. W.},
    title = {Coinage from Iran to Gandhara},
    pages = {233--266},
    editor = {Srinivasan, D.},
    booktitle = {On the cusp of an era: art in the pre-Kusana world},
    publisher = {Brill},
    location = {Leiden},
    year = {2007},
    }

@incollection{MacDowall2007a,
    author = {MacDowall, D. W.},
    title = {The Eras of Demetrius, Eucratides and Azes},
    pages = {103--110},
    editor = {Gyselen, R.},
    booktitle = {Des Indo-Grecs aux Sassanides: données pour l’histoire et la géographie historique},
    publisher = {Groupe pour l’étude de la civilisation du Moyen-Orient},
    location = {Bures-sur-Yvette},
    year = {2007},
    }

MacDowall, D.W., 2007c: Numismatic Evidence for a Chronological Framework for Pre-Kaniskan Art, from Kalchayan to Gandhāra, in D. Srinivasan (ed.), On the cusp of an era: art in the pre-Kusana world, pp.233–266. Leiden: Brill.

@book{Mairs2014,
    author = {Mairs, R.},
    title = {The Hellenistic Far East: Archaeology, Language, and Identity in Greek Central Asia},
    publisher = {University of California Press},
    location = {Berkeley},
    year = {2014},
    }

@incollection{Mairs2015,
    author = {Mairs, R.},
    title = {Bactria and India},
    pages = {637--650},
    editor = {Eidinow, E. and Kindt, J.},
    booktitle = {The Oxford handbook of ancient Greek religion},
    publisher = {Oxford University Press},
    location = {Oxford},
    year = {2015},
    }

Marcinkiewicz-Joseph, F.A., 2016: Demetrius I of Bactria: An analysis of Hellenistic royal power through numismatic evidence. Unpublished PhD thesis, Department of History, University of Houston, Houston.

@incollection{Maritz2004,
    author = {Maritz, J.},
    title = {The Face of Alexandria – the Face of Africa?},
    pages = {41--66},
    editor = {Hirst, A. and Silk, M. S.},
    booktitle = {Alexandria, real and imagined},
    publisher = {Ashgate},
    location = {Aldershort, Hampshire},
    year = {2004},
    }

@incollection{Narain1991,
    author = {Narain, A. K.},
    title = {Gaṇeśa},
    subtitle = {A Protohistory of the Idea and the Icon},
    pages = {19--48},
    editor = {Brown, R. L.},
    booktitle = {Ganesh: studies of an Asian god},
    publisher = {State University of New York Press},
    location = {Albany},
    year = {1991},
    }

@book{Narain2003,
    author = {Narain, A. K.},
    title = {The Indo-Greeks},
    subtitle = {Revisited and supplemented},
    publisher = {B.R. Publishing},
    location = {New Delhi},
    year = {2003},
    }

@book{Pfrommer1993,
    author = {Pfrommer, M.},
    title = {Metalwork from the Hellenized East},
    subtitle = {A catalogue of the collections},
    publisher = {J. Paul Getty Museum},
    location = {Malibu},
    year = {1993},
    }

Plutarch, Babbitt, F.C., 1957: Moralia, in fifteen volumes, with an English translation by Frank Cole Babbitt. Cambridge: Harvard University Press

Polybius; Waterfield, R., McGing, B., 2010: The Histories. Oxford: Oxford University Press.

Potter, D., 2003: Hellenistic Religion, in A. Erskine (ed), A Companion to the Hellenistic Word, pp.407–430. Oxford: Blackwell Publishing.

Rothkrug, L., 2006: Death, Trust, and Society: Mapping Religion and Culture. Berkeley: North Atlantic Books.

Sidky, H., 2000: The Greek Kingdom of Bactria: From Alexander to Eucratides the Great. Lanham: University Press of America.

@article{Smith1986,
   author = {Smith, R. R. R.},
   title = {Three Hellenistic Rulers at the Getty},
   pages = {59--78},
   journaltitle = {The J. Paul Getty Museum Journal},
   volume = {14},
   year ={1986},
    }

@book{Stanco2012,
    author = {Stančo, L.},
    title = {Greek Gods in the East: Hellenistic iconographic schemes in Central Asia},
    publisher = {Karolinum Press},
    location = {Prague},
    year = {2012},
    }

@book{Stewart1993,
    author = {Stewart, A. F.},
    title = {Faces of Power: Alexander’s image and Hellenistic politics},
    publisher = {University of California Press},
    location = {Berkeley},
    year = {1993},
    }

Strabo, Jones, H.L., Sterrett, J.R.S., 2014:  Geography. Cambridge: Harvard University Press.

@book{Strootman2014,
    author = {Strootman, R.},
    title = {Courts and elites in the Hellenistic empires: The Near East after the Achaemenids, c. 330 to 30 BCE},
    publisher = {Edinburgh University Press},
    location = {Edinburgh},
    year = {2014},
    }

@book{Tarn1951,
    author = {Tarn, W. W.},
    title = {The Greeks in Bactria and India},
    publisher = {Cambridge University Press},
    location = {Cambridge},
    year = {1951},
    }

@book{Thonemann2015,
    author = {Thonemann, P.},
    title = {The Hellenistic world: using coins as sources},
    publisher = {Cambridge University Press},
    location = {Cambridge},
    year = {2015},
    }

@book{Trautmann2015,
    author = {Trautmann, T.},
    title = {Elephants and Kings: An Environmental History},
    publisher = {The University of Chicago Press},
    location = {Chicago},
    year = {2015},
    }

@incollection{Treister1999,
    author = {Treister, M.},
    title = {Some classical subjects on the Late Hellenistic Sarmatian Phalerae (to the origin of Phalerae)},
    pages = {565--604},
    editor = {Tsetskhladze, G. R.},
    booktitle = {Ancient Greeks West and East},
    publisher = {Brill},
    location = {Leiden},
    year = {1999},
    }

@book{Whitehead1970,
    author = {Whitehead, R.B.},
    title = {Indo-Greek numismatics},
    publisher = {Argonaut},
    location = {Chicago},
    year = {1970},
    }

@article{Widemann2000,
   author = {Widemann, F.},
   title = {Scarcity of precious metals and relative chronology of Indo-Greek and related coinages (1st Century B.C.-1st Century A.D.)},
   pages = {227--258},
   journaltitle = {East and West},
   volume = {50},
   year ={2000},
    }

@article{Widemann2003,
   author = {Widemann, F.},
   title = {Maues King of Taxila: an Indo-Greek kingdom with a Saka king},
   pages = {95--125},
   journaltitle = {East and West},
   volume = {53},
   year ={2003},
    }

@article{Widemann2007,
   author = {Widemann, F.},
   title = {Civil wars and alliances in Bactria and North-Western India after the usurpation of King Eucratides},
   pages = {9--28},
   journaltitle = {East and West},
   volume = {57},
   year = {2007},
    }

@book{Widemann2009,
    author = {Widemann, F.},
    title = {Les successeurs d’Alexandre en Asie centrale et leur héritage culturel: Essai},
    publisher = {Riveneuve éd},
    location = {Paris},
    year = {2009},
    }

@book{Zimmer2015,
    editor = {Zimmer, H. and Campbell, J.},
    title = {Myths and Symbols in Indian Art and Civilization},
    publisher = {Princeton University Press},
    location = {Princeton},
    year = {2015},
    }
