%% LaTeX2e file `Resena.bib'
%% generated by the `filecontents' environment
%% from source `Resena' on 2016/09/19.
%%
%Bibliography-data HERE
