%% LaTeX2e file `Rownd.bib'
%% generated by the `filecontents' environment
%% from source `Rownd' on 2016/12/22.
%%

@report{Aleta_2003,
 author = {Aleta, D.G.A. and Tomita, K. and Aleta, J.T. and Lupo, E.S. and Kawano, M.},
 title = {Clay Mineralogical Study of the Pliocene-Pleistocene Carcar Formation and the Quaternar Alluvium in Consolacion-Lilo Cebu Province, Philippines},
 type = {Reports of the Faculty of Science},
 institution = {Kagoshima University},
 date = {2003},
}

@periodical{CoE_2000,
 editor = {editor},
 title = {The official Gazette of the Council of Europe (1999-2000)},
 date = {2000},
 publisher = {Council of Europe Publications},
 location = {Strasbourg},
}

@online{CIA_2001,
 title = {Our reply to EH Position Statement},
 date = {2001},
 url = {http://www.independents.org.uk/the-valletta-report/english-heritage-position-statement/our-reply-to-eh-position-statement},
 subtitle = {A reply to the Position Statement},
 organization = {Council for Independent Archaeology },
 date = {24},
 month = {06},
 year = {2015},
}

@article{Conard_2009,
 author = {Conard, N. and Malina, M and Munzel, S.},
 title = {New flutes document the earliest musical tradition in southwestern Germany},
 journaltitle = {Natuee},
 date = {2009},
 number = {460},
 pages = {737--740},
}

@online{Valetta_1992,
 title = {The Treaty of Valetta},
 date = {1992},
 url = {www.conventions.coe.int/Treaty/EN/Treaties/Html/143.htm},
 organization = {Council of Europe Select Committee of Experts on Archaeology and Planning},
 date = {20},
 month = {06},
 year = {2015},
}

@online{Divers_2014a,
 title = {Doc’s Cave: the Pawod underwater cave system},
 date = {2014},
 url = {https://filipinocavedivers.com/2014/07/26/docboys-cave-aka-the-pawod-underwater-cave-system/},
 organization = {Filipino Cave Divers},
 date = {20},
 month = {08},
 year = {2016},
}

@online{Divers_2014b,
 title = {Guidelines},
 date = {2014},
 url = {https://filipinocavedivers.com/guidelines/},
 organization = {Filipino Cave Divers},
 date = {20},
 month = {08},
 year = {2016},
}

@BOOKLET {Groenewoudt_2014,
 title        = {Valletta Harvest: value for money},
 author       = {Groenewoudt, B.},
 howpublished = {EAC Occasional paper},
 num          = {10},
 year    = {2014},
}

@online{President_260,
 author = {Marcos, F.: President of the Republic of the Philippines},
 title = {Presidential Decree 260},
 date = {1973},
 url = {http://www.gov.ph/1973/08/01/presidential-decree-no-260-s-1973/},
 date = {05},
 month = {12},
 year = {2016},
}

@online{President_1505,
 author = {Marcos, F.: President of the Republic of the Philippines},
 title = {Presidential Decree 1505},
 date = {1978},
 url = {http://www.gov.ph/1978/06/11/presidential-decree-no-1505-s-1978/},
 date = {05},
 month = {12},
 year = {2016},
}

@online {Potts_2015,
 author = {Potts, L.},
 title  = {Digging for treasure},
 subtitle = {Is 'nighthawking' stealing our past? BBC News},
 organization = {BBC News},
 year   = {2015},
 url    = {http://www.bbc.com/news/uk-england-31848684},
 date = {23},
 month = {06},
 year = {2015},
}

@online{RA4886,
 author = {Republic of the Philippines},
 title = {Cultural Properties Preservation and Protection Act},
 date = {1966},
 url = {www.philippinelaw.info/statutes/bp4846.htm},
 subtitle = {RA 4886},
}

@online{RA10066,
 author = {Republic of the Philippines},
 title = {The Philippine Cultural Heritage Act of 2009},
 date = {2010},
 url = {http://ncca.gov.ph/republic-act-no-10066/},
 subtitle = {RA 100066},
 date = {27},
 month = {05},
 year = {2015},
}

@online {Roeher_2006,
 author = {Roeher, F.},
 title  = {Watching the detectorists},
 subtitle = {Is 'nighthawking' stealing our past? BBC News},
 organization = {BBC News Magezine},
 year   = {2006},
 url    = {http://news.bbc.co.uk/2/hi/uk_news/magazine/4966424.stm},
}

@online{Ta-as_2014,
 author = {Ta-as, A.},
 title = {Mactan Sea Cave Surprise},
 date = {2014},
 url = {http://cebudailynews.inquirer.net/34991/mactan-sea-cave-surprise-doc-amores-pushed-for-marine-sanctuary},
 subtitle = {‘Doc Amores’ pushed for marine sanctuary},
 organization = {Cebu Daily News },
}

@online{Tankersley_2014,
 author = {Tankersley, C.},
 title = {Historical Preservation in the Philippines},
 date = {2014},
 url = {www.preservelaw.com/2014/01/historic-preservation-philippines},
 organization = {Preserve Law: A Cultural Heritage Law Blog},
}

@article{Trotzieg_1995,
 author = {Trotzieg, G.},
 title = {Archaeology as Part of the Swedish Support to Developing Countries},
 journaltitle = {Current Swedish Archaeology },
 date = {1995},
 volume = {3},
}

@online{UNESCO_2003,
 title = {Philippine Cultural Heritage Law},
 date = {2003},
 url = {http://www.unesco.org/culture/natlaws/media/pdf/philippines/ph_backgroundculthrtgelawinstit_engorof.pdf},
 subtitle = {Background}.
 organization = {UNESCO},
 date = {28},
 month = {06},
 year = {2015},
}

@online{Cairo_2015,
 title = {Intangible Cultural Heritage},
 date = {2015},
 url = {www.unesco.org/new/en/cairo/culture/intangible-cultural-heritage/},
 organization = {UNESCO Office in Cairo},
 date = {25},
 month = {05},
 year = {2016},
}

@article{Willems_2007,
 author = {Willems, W. J. H.},
 title = {The work of making Malta: The Council of Europe’s Archaeology and Planning Committee 1988-1996},
 journaltitle = {European Journal of Archaeology},
 date = {2007},
 volume = {10},
 issue = {1},
 pages = {51--77},
}

@online{Young_2001,
 author = {Young, C.},
 title = {English Heritage Position Statement on the Valletta Convention },
 date = {2001},
 url = {http://www.independents.org.uk/the-valletta-report/english-heritage-position-statement},
 organization = {Council for Independent Archaeology},
}


