%% LaTeX2e file `Stringer.bib'
%% generated by the `filecontents' environment
%% from source `Stringer' on 2016/11/15.
%%
%Bibliography-data HERE
