%% LaTeX2e file `Ward.bib'
%% generated by the `filecontents' environment
%% from source `Ward' on 2016/09/23.
%%
@misc{beasley2016,
title = {A Guide to Student Events at the 2016 AAPA Annual Meeting},
url = {http://physanth.org/news/738/},
journal = {American Association of Physical Anthropologists},
publisher = {American Association of Physical Anthropologists},
author = {Beasley, Melanie},
year = {2016},
month = {Mar}
}

@misc{american2015,
title = {Committee on Diversity Women's Initiative Graduate Student Women's Professional Development Workshop},
url = {http://physanth.org/news/654/},
shorthand = {AAPA 2015},
journal = {American Association of Physical Anthropologists},
publisher = {American Association of Physical Anthropologists},
year = {2015},
month = {Dec}
}

@misc{american,
title = {Student presentation awards},
shorthand = {AAPA Awards},
url = {http://physanth.org/about/awards/student-presentation-awards},
journal = {American Association of Physical Anthropologists},
publisher = {American Association of Physical Anthropologists}
}

@misc{american2016,
title = {American Association of Physical Anthropologists},
url = {http://www.physanth.org/},
shorthand = {AAPA 2016},
journal = {American Association of Physical Anthropologists},
publisher = {American Association of Physical Anthropologists},
year = {2016}
}
