% Encoding: UTF-8

@Book{Armstrong2016,
  title     = {War and Society in Early Rome: From Warlords to Generals},
  publisher = {Cambridge: Cambridge University Press},
  year      = {2016},
  author    = {Armstrong, J.},
}

@Book{Livy2014
  title     = {History of Rome},
  publisher = {Cambridge: Loeb Classical Library},
  year      = {2014},
  author    = {Livy},
  editor    = {Translated by Foster, B. O.},
}

@Book{Siculus2014,
  title     = {Library of History},
  publisher = {Cambridge: Loeb Classical Library},
  year      = {2014},
  author    = {Diodorus Siculus},
  editor    = {Translated by Oldfather, C. H.},
}

@Book{Halicarnassus2014,
  title     = {Roman Antiquities},
  publisher = {Cambridge: Loeb Classical Library},
  year      = {2014},
  author    = {Dionysius of Halicarnassus},
  editor    = {Trans lated by Carey, E.},
}

@Book{Acconcia2012,
  title     = {Paesaggi etruschi in terra di Siena: l'agro tra Volterra e Chiusi dall'età del Ferro all'età romana},
  publisher = {Oxford: Archaeopress},
  year      = {2012},
  author    = {Acconcia, V.},
}

@InProceedings{DamgaardAndersen2001,
  author    = {Damgaard Andersen, H.},
  title     = {Thatched or Tiled Roofs from the Early Iron Age to the Archaic Period in Central Italy},
  booktitle = {From Huts to Houses: Transformations of ancient societies. Proceedings of an international seminar organized by the Norwegian and Swedish Institutes in Rome, 21-24 September 1997: 245-262},
  year      = {2001},
  editor    = {Brandt, J. R. and Karlsson, L.},
  publisher = {Stockholm; Paul Aströms Förlag.},
}

@Article{DamgaardAndersen1990,
  author  = {Damgaard Andersen, H.},
  title   = {Feline Waterspouts of the Lateral Sima, Upper Building, Murlo},
  journal = {Opuscula Romana},
  year    = {1990},
  volume  = {17-18},
  pages   = {61-98},
}

@Article{Grummond1997,
  author  = {De Grummond, N. T.},
  title   = {Poggio Civitate: A Turning Point},
  journal = {Etruscan Studies},
  year    = {1997},
  volume  = {4},
  pages   = {23-40},
}

@InBook{Donati2000,
  chapter   = {Civil, Religious, and Domestic Architecture},
  pages     = {313-333},
  title     = {The Etruscans},
  publisher = {London: Thames and Hudson},
  year      = {2000},
  author    = {Donati, L.},
  editor    = {M. Torelli},
}

@Article{Edlund-Berry1993,
  author  = {Edlund-Berry, I.},
  title   = {The Murlo Cowboy: Problems of Reconstruction and Interpretation},
  journal = {Deliciae Fictiles},
  year    = {1993},
  volume  = {1},
  pages   = {117-121},
}

@Article{Edlund-Gantz1972,
  author  = {Edlund-Gantz, I.},
  title   = {The Seated Statue Akroteria from Poggio Civitate (Murlo)},
  journal = {Dialoghi di archeological},
  year    = {1972},
  volume  = {6},
  pages   = {167-235},
}

@Book{Fulminante2014,
  title     = {The Urbanization of Rome and Latium Vetus: From the Bronze Age to the Archaic Era},
  publisher = {Cambridge: Cambridge University Press},
  year      = {2014},
  author    = {Fulminante, F.},
}

@InBook{Harrison2013,
  chapter   = {Animals in the Etruscan Household and Environment},
  pages     = {1086-1114},
  title     = {The Etruscan World},
  publisher = {London: Routledge},
  year      = {2013},
  author    = {Harrison, A. P.},
  editor    = {J. MacIntosh Turfa},
}

@Book{Haynes2000,
  title     = {Etruscan Civilization: A Cultural History},
  publisher = {London: British Museum Press},
  year      = {2000},
  author    = {Haynes, S.},
}

@article{kansa2014etruscan,
  title={Etruscan economics: Forty-five years of faunal remains from Poggio Civitate},
  author={Kansa, Sarah Whitcher and MacKinnon, Michael},
  journal={Etruscan Studies},
  volume={17},
  number={1},
  pages={63--87},
  year={2014},
  publisher={De Gruyter}
}

@phdthesis{meyers2003etrusco,
  title={Etrusco-Italic monumental architectural space from the Iron Age to the Archaic period: an examination of approach and access},
  author={Meyers, Gretchen E},
  year={2003}
}

@Article{Meyers2013,
  author  = {Meyers, G. E.},
  title   = {Approaching Monumental Architecture: Mechanics and Movement in Archaic Etruscan Palaces},
  journal = {Papers of the British School at Rome},
  year    = {2013},
  volume  = {81},
  pages   = {39-66},
}

@InBook{Meyers2012,
  chapter   = {The Experience of Monumentality in Etruscan and Early Roman Architecture},
  pages     = {1-20},
  title     = {Monumentality in Etruscan and Early Roman Architecture: Ideology and Innovation},
  publisher = {Austin, Texas: University of Texas Press},
  year      = {2012},
  author    = {Meyers, G. E.},
  editor    = {Thomas, M. L. and Meyers, G. E.},
}

@Article{Neils2008,
  author  = {Neils, J.},
  title   = {Niobe (?) on the Portonaccio Temple at Veii},
  journal = {Etruscan Studies},
  year    = {2008},
  volume  = {11},
  pages   = {35-48},
}

@Article{ODonoghue2013,
  author  = {O'Donoghue, E. M.},
  title   = {The Mute Statues Speak: The Archaic Period Acroteria from Poggio Civitate},
  journal = {European Journal of Archaeology},
  year    = {2013},
  volume  = {16},
  pages   = {268-288},
}

@Book{Phillips1992,
  title     = {In the Hills of Tuscany: Recent Excavations at the Etruscan Site of Poggio Civitate (Murlo, Siena)},
  publisher = {Philadelphia: University Museum, University of Pennsylvania},
  year      = {1992},
  author    = {Phillips, K. M.},
}

@InBook{Platts2016,
  chapter   = {Approaching a Lived Experience of Ancient Domestic Space},
  pages     = {43-53},
  title     = {Spatial Cultures: Towards a New Social Morphology of Cities Past and Present},
  publisher = {London: Routledge},
  year      = {2016},
  author    = {Platts, A.},
  editor    = {Griffiths, S. and von Lunen, A.},
}

@Book{Potts2015,
  title     = {Religious architecture in Latium and Etruria, c. 900-500 BC},
  publisher = {Oxford: Oxford University Press},
  year      = {2015},
  author    = {Potts, C.},
}

@Article{Potts2011,
  author  = {Potts, C.},
  title   = {Review of A. Tuck, The Necropolis of Poggio Civitate (Murlo): Burials from Poggio Aguzzo},
  journal = {Journal of Roman Studies},
  year    = {2011},
  volume  = {101},
  pages   = {318-319},
}

@InProceedings{Prayon2009,
  author    = {Prayon, F.},
  title     = {The Atrium as Italo-Etruscan Architectural Concept and as Societal Form},
  booktitle = {Etruscan by definition: The culture, regional and personal identity of the Etruscans: Papers in honour of Sybille Haynes},
  year      = {2009},
  editor    = {Swaddling, J. and Perkins, P.},
  pages     = {60-63},
}

@InBook{Rathje1994,
  chapter   = {Banquet and Ideology: Some new considerations about banqueting at Poggio Civitate},
  pages     = {95-99},
  title     = {Murlo and the Etruscans: Art and Society in Ancient Etruria},
  publisher = {Madison, Wisconsin: University of Wisconsin Press.},
  year      = {1994},
  author    = {Rathje, A.},
  editor    = {De Puma, R. D. and Small J. P.},
}

@Article{Rathje2004,
  author  = {Rathje, A.},
  title   = {Huts, Houses and Palaces: Life in Central Italy in the Archaic Period},
  journal = {Accordia Research Papers},
  year    = {2004},
  volume  = {9},
  pages   = {57-67},
}

@Article{Rathje2007,
  author  = {Rathje, A.},
  title   = {Murlo, Images and Archaeology},
  journal = {Etruscan Studies},
  year    = {2007},
  volume  = {10},
  pages   = {175-184},
}

@InProceedings{Rix1997,
  author    = {Rix, H.},
  title     = {Les priers du liber linteus de Zagreb},
  booktitle = {Les Etrusques, le plus religieuz des hommes: Actes du colloque international, Galeries nationales du Grand Palais 17-18-90 Novembre 1992},
  year      = {1997},
  editor    = {Gaultier, F. and Briquel, D.},
  pages     = {391-398},
  publisher = {Paris: La Documentation Francaise},
}

@incollection{stopponi2014orvieto,
  title={Orvieto, Campo della Fiera--Fanum Voltumnae},
  author={Stopponi, Simonetta},
  booktitle={The Etruscan World},
  pages={680--702},
  year={2014},
  publisher={Routledge}
}

@InBook{Tuck2016,
  chapter   = {Poggio Civitate: Community Form in Inland Etruria},
  pages     = {105-115},
  title     = {A Companion to the Etruscans},
  publisher = {Chichester, West Sussex: John Wiley \& Sons Inc.},
  year      = {2016},
  author    = {Tuck, A. S.},
  editor    = {Bell, S. and Carpino, A. A.},
}

@Article{Tuck2014,
  author  = {Tuck, A. S.},
  title   = {Manufacturing at Poggio Civitate: Elite Consumption and Social Organization in the Etruscan Seventh Century},
  journal = {Etruscan Studies},
  year    = {2014},
  volume  = {17.2},
  pages   = {121-139},
}

@Article{Tuck2010,
  author  = {Tuck, A. S., Brurk, J., Huntsman, T., and Tallman, H.},
  title   = {An Archaic Period Well at Poggio Civitate: Evidence for Broader Final Destruction},
  journal = {Etruscan Studies},
  year    = {2010},
  volume  = {13},
  pages   = {93-106},
}

@Book{Tuck2009,
  title     = {The Necropolis of Poggio Civitate (Murlo): Burials from Poggio Aguzzo},
  publisher = {Roma: G Bretschneider},
  year      = {2009},
  author    = {Tuck, A. S.},
}

@InProceedings{Turfa2002,
  author    = {Turfa, M. I. J. and Steinmayer A. G.},
  title     = {Interpreting Early Etruscan Structures: The Question of Murlo},
  booktitle = {Papers of the British School at Rome},
  year      = {2002},
  number    = {LXX},
  pages     = {1-28},
}

@InBook{Warden2009,
  chapter   = {The Blood of Animals: Predation and Transformation in Etruscan Funerary Representation},
  pages     = {198-218},
  title     = {New Perspectives on Etruria and Rome},
  publisher = {Madison, Wisconsin: University of Wisconsin Press},
  year      = {2009},
  author    = {Warden, P. G.},
  editor    = {Bell, S. and Nagy, H.},
}

@Book{Warden2008,
  title     = {From the Temple and the Tomb: Etruscan Treasures from Tuscany},
  publisher = {Dallas, Texas: Meadows Museum, SMU.},
  year      = {2008},
  author    = {Warden, P. G.},
}

@Book{Winter2009,
  title     = {Symbols of Wealth and Power: Architectural Terracotta Decoration in Etruria and Central Italy, 640-510 BC},
  publisher = {Ann Arbor, Michigan: Published for the American Academy in Rome by the University of Michigan Press.},
  year      = {2009},
  author    = {Winter, N. A},
}

@Comment{jabref-meta: databaseType:bibtex;}
