% Encoding: UTF-8

@Article{Auerbach2006,
  author  = {Auerbach, B. and Ruff, B.},
  title   = {Limb bone bilateral asymmetry: variability and commonality among modern humans},
  journal = {Journal of human evolution},
  year    = {2006},
  volume  = {2},
  number  = {50},
  pages   = {203-218},
}

@Book{Bass1995,
  title     = {Human osteology: a laboratory and field manual.},
  publisher = {Missouri Archaeological Society.},
  year      = {1995},
  author    = {Bass, N.},
  address   = {Columbia, MO},
  edition   = {fourth},
}

@Book{Belknap2001,
  title     = {The invisible woman: Gender, crime and justice.},
  publisher = {Wadsworth},
  year      = {2001},
  author    = {Belknap, J.},
  address   = {Belmont, CA},
}

@Article{Biewener1990,
  author  = {Biewener, A.},
  title   = {Biomechanics of mammalian terrestrial locomotion.},
  journal = {Science},
  year    = {1990},
  number  = {250},
  pages   = {1097–1103},
}

@Article{Brickley2007,
  author  = {Brickley, M. Mays, S and Ives, R.},
  title   = {An investigation of skeletal indicators of vitamin D deficiency in adults: effective markers for interpreting past living conditions and pollution levels in 18th and 19th century Birmingham, England.},
  journal = {American journal of physical anthropology},
  year    = {2007},
  volume  = {1},
  number  = {132},
  pages   = {67-79},
}

@Article{Brooks1990,
  author  = {Brooks, S. and Suchey, M.},
  title   = {Skeletal age determination based on the os pubis: a comparison of the Acsádi-Nemeskéri and Suchey-Brooks methods.},
  journal = {Human evolution},
  year    = {1990},
  volume  = {3},
  number  = {5},
  pages   = {227-238.},
}
@PROCEEDINGS {Buikstra1994,
    title        = "Standards for data collection from human skeletal remains",
    year         = "1994",
    editor       = "Buikstra, E. and Ubelaker, H.",
    publisher    = "Field Museum of Natural History.",
    organization = "Field Museum of Natural History."
}

@Article{Burkhart1997,
  author  = {Burkhart, S. and Johnson, C. and Wirth, A. and Athanasiou, A.},
  title   = {Cyclic loading of transosseous rotator cuff repairs: tension overload as a possible cause of failure},
  journal = {Arthroscopy: The Journal of Arthroscopic \&amp; Related Surgery,},
  year    = {1997},
  volume  = {2},
  number  = {13},
  pages   = {172-176},
}

@Article{Burkhart2000,
  author  = {Burkhart, S. and Morgan, D. and Kibler, B.},
  title   = {Shoulder injuries in overhead athletes: the “dead arm” revisited.},
  journal = {Clinics in sports medicine},
  year    = {2000},
  volume  = {1},
  number  = {19},
  pages   = {125-158},
}

@Article{Burnette1997,
  author  = {Burnette, J.},
  title   = {An investigation of the female–male wage gap during the Industrial Revolution in Britain},
  journal = {The Economic History Review},
  year    = {1997},
  volume  = {2},
  number  = {50},
  pages   = {257-281},
}

@Article{Case2006,
  author  = {Case, T. and Burnett, E. and Nielsen, T.},
  title   = {Os acromiale: population differences and their etiological significance},
  journal = {HOMO-Journal of Comparative Human Biology},
  year    = {2006},
  volume  = {1},
  number  = {57},
  pages   = {1-18.},
}

@Article{Clement2012,
  author  = {Clement, N. and Nie, Y. and McBirnie, J.},
  title   = {Management of degenerative rotator cuff tears: a review and treatment strategy.},
  journal = {Sports Medicine, Arthroscopy, Rehabilitation, Therapy \& Technology},
  year    = {2012},
  volume  = {4},
  number  = {48},
}

@Article{Danforth2008,
  author  = {Danforth, M. and Thompson, A.},
  title   = {An evaluation of determination of handedness using standard osteological measurements},
  journal = {Journal of forensic sciences},
  year    = {2008},
  volume  = {4},
  number  = {53},
  pages   = {777-781},
}

@Article{Fees1998,
  author  = {Fees, M. and Decker, T. and Snyder-Mackler, L. and Axe, M. J.},
  title   = {Upper Extremity Weight-Training Modifications for the Injured Athlete A Clinical Perspective.},
  journal = {The American journal of sports medicine},
  year    = {1998},
  volume  = {5},
  number  = {26},
  pages   = {732-742},
}

@Book{Firestein2012,
  title     = {Kelly's textbook of rheumatology},
  publisher = {Elsevier Health Sciences},
  year      = {2012},
  author    = {Firestein, S. and Budd, R. and Gabriel, E. and McInnes, B. and O'Dell, R.},
}

@Book{Gray1998,
  title     = {Gray’s Anatomy},
  publisher = {Parragon Publishers},
  year      = {1998},
  author    = {Gray, H.},
  address   = {London},
}

@Article{Hanna2009,
  author  = {Hanna, S. and Teichtahl, J. and Wluka, E. and Wang, Y. and Urquhart, M. and English, R. and Cicuttini, M.},
  title   = {Women have increased rates of cartilage loss and progression of cartilage defects at the knee than men: a gender study of adults without clinical knee osteoarthritis},
  journal = {Menopause},
  year    = {2009},
  volume  = {4},
  number  = {16},
  pages   = {666-670},
}

@Article{Henderson2015,
  author  = {Henderson, C. and Mariotti, V. and Pany‐Kucera, D. and Villotte, S. and Wilczak, C.},
  title   = {The New ‘Coimbra Method’: A Biologically Appropriate Method for Recording Specific Features of Fibrocartilaginous Entheseal Changes},
  journal = {International Journal of Osteoarchaeology.},
  year    = {2015},
}

@Article{Hovelius1982,
  author  = {Hovelius, L.},
  title   = {Incidence of shoulder dislocation in Sweden.},
  journal = {Clinical Orthopaedics and Related Research},
  year    = {1982},
  number  = {166},
  pages   = {127},
}

@Article{Hunt2007,
  author  = {Hunt, D. R. and Bullen, L.},
  title   = {The frequency of os acromiale in the Robert J. Terry collection.},
  journal = {International Journal of Osteoarchaeology},
  year    = {2007},
  volume  = {3},
  number  = {17},
  pages   = {309-317},
}

@Article{Jobe1983,
  author  = {Jobe, W. and Jobe, M.},
  title   = {Painful athletic injuries of the shoulder.},
  journal = {Clinical orthopaedics and related research},
  year    = {1983},
  number  = {173},
  pages   = {117-124},
}

@Article{Jungers1988,
  author  = {Jungers, L.},
  title   = {Relative joint size and hominoid locomotor adaptations with implications for the evolution of hominid bipedalism},
  journal = {Journal of Human Evolution},
  year    = {1988},
  volume  = {1-2},
  number  = {17},
  pages   = {247-265},
}

@Article{Klaus2009,
  author  = {Klaus, D. and Spencer Larsen, C. and Tam, E.},
  title   = {Economic intensification and degenerative joint disease: life and labor on the postcontact north coast of Peru},
  journal = {American Journal of Physical Anthropology},
  year    = {2009},
  volume  = {2},
  number  = {139},
  pages   = {204-221},
}

@Article{Kolber2010,
  author  = {Kolber, J. and Beekhuizen, S. and Cheng, S. and Hellman, A.},
  title   = {Shoulder injuries attributed to resistance training: a brief review},
  journal = {The Journal of Strength \&amp; Conditioning Research},
  year    = {2010},
  volume  = {6},
  number  = {24},
  pages   = {1696-1704.},
}

@Article{Kvaal1996,
  author  = {Kvaal, I. and Derry, K.},
  title   = {Tell-tale teeth: abrasion from the traditional clay pipe.},
  journal = {Endeavour},
  year    = {1996},
  volume  = {1},
  number  = {20},
  pages   = {28-30.},
}

@Article{Lai1992,
  author  = {Lai, P. and Lovell, C.},
  title   = {Skeletal markers of occupational stress in the fur trade: a case study from a Hudson's Bay Company fur trade post},
  journal = {International Journal of Osteoarchaeology},
  year    = {1992},
  volume  = {3},
  number  = {2},
  pages   = {221-234.},
}

@Article{Lewis2002,
  author  = {Lewis, M.},
  title   = {Impact of industrialization: comparative study of child health in four sites from medieval and postmedieval England (AD 850–1859)},
  journal = {American Journal of Physical Anthropology},
  year    = {2002},
  volume  = {3},
  number  = {119},
  pages   = {211-223.},
}

@Article{Lewis2007,
  author  = {Lewis, M. and Gowland, R},
  title   = {Brief and precarious lives: Infant mortality in contrasting sites from medieval and post‐medieval England (AD 850–1859).},
  journal = {American Journal of Physical Anthropology},
  year    = {2007},
  volume  = {1},
  number  = {134},
  pages   = {117-129.},
}

@Article{Lloyd2008,
  author  = {Lloyd, M.},
  title   = {Forensic Anthropology, Paleopathology, and the Creation of Osteobiographies},
  journal = {Culture, Society and Praxis},
  year    = {2008},
  volume  = {2},
  number  = {7},
}

@Book{Loeb1994,
  title     = {Consuming angels: advertising and Victorian women},
  publisher = {Oxford University Press.},
  year      = {1994},
  author    = {Loeb, L.},
}

@Article{Lovejoy1985,
  author  = {Lovejoy, O. and Meindl, S. and Pryzbeck, R. and Mensforth, P.},
  title   = {Chronological metamorphosis of the auricular surface of the ilium: a new method for the determination of adult skeletal age at death},
  journal = {American journal of physical anthropology},
  year    = {1985},
  volume  = {1},
  number  = {68},
  pages   = {15-28},
}

@Article{Mitchell2003,
  author  = {Mitchell, K. and Banks, S. and Morgan, D. and Sugaya, H.},
  title   = {Shoulder motions during the golf swing in male amateur golfers.},
  journal = {Journal of Orthopaedic \&amp; Sports Physical Therapy},
  year    = {2003},
  volume  = {4},
  number  = {33},
  pages   = {196-203},
}

@Article{Molleson2007,
  author  = {Molleson, T.},
  title   = {A method for the study of activity related skeletal morphologies.},
  journal = {Bioarchaeology of the Near East},
  year    = {2007},
  number  = {1},
  pages   = {5-33.},
}

@Book{Morgan1992,
  title     = {Chichester: A documentary history},
  publisher = {Phillmore \& Co Ltd.},
  year      = {1992},
  author    = {Morgan, R.},
  address   = {Chichester, Sussex},
  edition   = {first},
}

@Article{Mytum2004,
  author  = {Mytum, H.},
  title   = {Mortuary monuments and burial grounds of the historic period.},
  journal = {Springer: Science and Business Media.},
  year    = {2004},
}

@Article{Neer1983,
  author  = {Neer, S.},
  title   = {Impingement lesions},
  journal = {Clinical Orthopaedic Related Research},
  year    = {1983},
  number  = {173},
  pages   = {70–77.},
}

@Article{Nirschl1988,
  author  = {Nirschl, P.},
  title   = {Prevention and treatment of elbow and shoulder injuries in the tennis player.},
  journal = {Clinics in sports medicine},
  year    = {1988},
  volume  = {2},
  number  = {7},
  pages   = {289-308.},
}

@Article{Nordqvist1995,
  author  = {Nordqvist, A. and Petersson, J.},
  title   = {Incidence and causes of shoulder girdle injuries in an urban population},
  journal = {Journal of Shoulder and Elbow Surgery},
  year    = {1995},
  volume  = {2},
  number  = {4},
  pages   = {107-112.},
}

@Book{Peterson2002,
  title     = {Sexual revolutions: gender and labor at the dawn of agriculture},
  publisher = {Rowman Altamira.},
  year      = {2002},
  author    = {Peterson, J.},
  volume    = {4th},
  edition   = {first},
}

@Book{Pinchbeck2013,
  title     = {Women workers in the industrial revolution.},
  publisher = {Routledge},
  year      = {2013},
  author    = {Pinchbeck, I.},
}

@Article{Pinhasi2006,
  author  = {Pinhasi, R. and Shaw, P. and White, B. and Ogden, A.},
  title   = {Morbidity, rickets and long-bone growth in post-medieval Britain—a cross-population analysis},
  journal = {Annals of Human Biology},
  year    = {2006},
  volume  = {3},
  number  = {33},
  pages   = {372-389.},
}

@Article{Plochocki2002,
  author  = {Plochocki, J.},
  title   = {Directional bilateral asymmetry in human sacral morphology},
  journal = {International Journal of Osteoarchaeology},
  year    = {2002},
  number  = {12},
  pages   = {349–55},
}

@Article{Prieto-Alhambra2014,
  author  = {Prieto-Alhambra, D. and Judge, A. and Javaid, K. and Cooper, C. and Diez-Perez, A. and Arden, K.},
  title   = {Incidence and risk factors for clinically diagnosed knee, hip and hand osteoarthritis: influences of age, gender and osteoarthritis affecting other joints.},
  journal = {Annals of the rheumatic diseases},
  year    = {2014},
  volume  = {9},
  number  = {73},
  pages   = {1659-1664.},
}

@Article{Rajakumar2003,
  author  = {Rajakumar, K.},
  title   = {Vitamin D, cod-liver oil, sunlight, and rickets: a historical perspective},
  journal = {Pediatrics},
  year    = {2003},
  volume  = {2},
  number  = {112},
  pages   = {e132- e135.},
}

@Article{Reed1977,
  author  = {Reed, M.},
  title   = {Fractures and dislocations of the extremities in children},
  journal = {Journal of Trauma},
  year    = {1977},
  number  = {17},
  pages   = {351-4.},
}

@Article{Ring2007,
  author  = {Ring, J. and Jupiter, B.},
  title   = {Fractures of the clavicle},
  journal = {Disorders of the Shoulder: Diagnosis \& Management},
  year    = {2007},
  number  = {1},
}

@Article{Roberts2007,
  author  = {Roberts, A.},
  title   = {A bioarcheological study of maxillary sinusitis},
  journal = {American Journal of Physical Anthropology},
  year    = {2007},
  volume  = {2},
  number  = {133},
  pages   = {792-807.},
}

@Article{Roberts2016,
  author  = {Roberts, A. and Caffell, A. and Filipek-Ogden, L. and Gowland, R. and Jakob, T.},
  title   = {‘Til Poison Phosphorous Brought them Death’: A potentially occupationally-related disease in a post-medieval skeleton from north-east England},
  journal = {International Journal of Paleopathology},
  year    = {2016},
  number  = {13},
  pages   = {39-48.},
}

@Book{Roberts2002,
  title  = {The antiquity of leprosy in Britain: the skeletal evidence},
  year   = {2002},
  author = {Roberts, C},
}

@Book{Roberts2003,
  title     = {Health and disease in Britain: from prehistory to the present day.},
  publisher = {Sutton publishing.},
  year      = {2003},
  author    = {Roberts, C. and Cox, M.},
}

@Article{Roberts1994,
  author  = {Roberts, C. and Lucy, D. and Manchester, K.},
  title   = {Inflammatory lesions of ribs: an analysis of the Terry Collection.},
  journal = {American Journal of Physical Anthropology},
  year    = {1994},
  volume  = {2},
  number  = {92},
  pages   = {169-182.},
}

@Article{Ross2004,
  author  = {Ross, H. and Murray, J.},
  title   = {Occupational respiratory disease in mining},
  journal = {Occupational Medicine},
  year    = {2004},
  volume  = {5},
  number  = {54},
  pages   = {304-310.},
}

@Article{Rowe1968,
  author  = {Rowe, R.},
  title   = {An atlas of anatomy and treatment of midclavicular fractures},
  journal = {Clinical Orthopaedics and Related Research},
  year    = {1968},
  number  = {58},
  pages   = {29-42.},
}

@Article{Satre1982,
  author  = {Satre, J.},
  title   = {After the Match Girls's Strike: Bryant and May in the 1890s},
  journal = {Victorian Studies},
  year    = {1982},
  volume  = {1},
  number  = {26},
  pages   = {7-31.},
}

@Book{Schmitt1998,
  title     = {Forelimb mechanics during arboreal and terrestrial quadrupedalism in Old World monkeys.},
  publisher = {Springer US.},
  year      = {1998},
  author    = {Schmitt, D.},
  volume    = {pg 175-200},
  series    = {Primate Locomotion},
}

@Article{Shapland2015,
  author  = {Shapland, F. and Lewis, M. and Watts, R.},
  title   = {The Lives and Deaths of Young Medieval Women: The Osteological Evidence},
  journal = {Medieval Archaeology},
  year    = {2015},
  volume  = {1},
  number  = {59},
  pages   = {272-289.},
}

@Article{Simonet1984,
  author  = {Simonet, T. and Melton, J. and Cofield, H. and llstrup, M},
  title   = {Incidence of anterior shoulder dislocation in Olmsted County, Minnesota},
  journal = {Clinical Orthopaedics and Related Research},
  year    = {1984},
  number  = {186},
  pages   = {186-91},
}

@Article{Singh2011,
  author  = {Singh, J. and Chavali, H.},
  title   = {Age estimation from clavicular epiphyseal union sequencing in a Northwest Indian population of the Chandigarh region},
  journal = {Journal of forensic and legal medicine},
  year    = {2011},
  volume  = {2},
  number  = {18},
  pages   = {82-87.},
}

@Article{Stirland1997,
  author  = {Stirland, J. and Waldron, T.},
  title   = {Evidence for Activity Related Markers in the Vertebrae of the Crew of the Mary Rose},
  journal = {Journal of Archaeological Science},
  year    = {1997},
  volume  = {4},
  number  = {24},
  pages   = {329-335.},
}

@Article{Tempelhof1999,
  author  = {Tempelhof, S. and Rupp, S. and Seil, R.},
  title   = {Age-related prevalence of rotator cuff tears in asymptomatic shoulders},
  journal = {Journal of Shoulder and Elbow Surgery},
  year    = {1999},
  number  = {8},
  pages   = {296–299.},
}

@Article{Verbrugge1995,
  author  = {Verbrugge, M.},
  title   = {Women, men, and osteoarthritis.},
  journal = {Arthritis \& Rheumatology},
  year    = {1995},
  volume  = {4},
  number  = {8},
  pages   = {212-220.},
}

@Book{Vicinus2013,
  title     = {A Widening Sphere (Routledge Revivals): Changing Roles of Victorian Women.},
  publisher = {Routledge},
  year      = {2013},
  author    = {Vicinus, M.},
}

@Article{Vilensky1989,
  author  = {Vilensky, A.},
  title   = {Primate quadrupedalism: How and why does it differ from that of typical quadrupeds?},
  journal = {Brain Behavioural Evolution},
  year    = {1989},
  number  = {34},
  pages   = {357–364.},
}

@Article{Waldron1991,
  author  = {Waldron, A.},
  title   = {Prevalence and distribution of osteoarthritis in a population from Georgian and early Victorian London},
  journal = {Annals of the rheumatic diseases},
  year    = {1991},
  volume  = {5},
  number  = {50},
  pages   = {301-307.},
}

@Article{Waldron1989,
  author  = {Waldron, A. and Cox, M.},
  title   = {Occupational arthropathy: evidence from the past.},
  journal = {Occupational and Environmental Medicine},
  year    = {1989},
  volume  = {6},
  number  = {46},
  pages   = {420-422.},
}

@Article{Waldron1992,
  author  = {Waldron, T.},
  title   = {Osteoarthritis in a Black Death cemetery in London},
  journal = {. International Journal of Osteoarchaeology},
  year    = {1992},
  volume  = {3},
  number  = {2},
  pages   = {235-240.},
}

@Book{Waldron1994,
  title     = {Counting the dead: the epidemiology of skeletal populations},
  publisher = {John Wiley \& Sons.},
  year      = {1994},
  author    = {Waldron, T.},
}

@Book{Waldron2009,
  title     = {Palaeopathology},
  publisher = {Cambridge University Press.},
  year      = {2009},
  author    = {Waldron, T.},
}

@Book{Wrigley1990,
  title     = {Continuity, chance and change: The character of the industrial revolution in England.},
  publisher = {Cambridge University Press.},
  year      = {1990},
  author    = {Wrigley, A},
}

@Article{Yamaguchi2001,
  author  = {Yamaguchi, K. and Tetro, M. and Blam, O. and Evanoff, A. and Teefey, A. and Middleton, D.},
  title   = {Natural history of asymptomatic rotator cuff tears: a longitudinal analysis of asymptomatic tears detected sonographically.},
  journal = {Journal of Shoulder and Elbow Surgery},
  year    = {2001},
  number  = {10},
  pages   = {199–203.},
}

@Article{Yamamoto2010,
  author  = {Yamamoto, A. and Takagishi, K. and Osawa, T. and Yanagawa, T. and Nakajima, D. and Shitara, H. and Kobayashi, T.},
  title   = {Prevalence and risk factors of a rotator cuff tear in the general population.},
  journal = {Journal of Shoulder and Elbow Surgery,},
  year    = {2010},
  volume  = {1},
  number  = {19},
  pages   = {116-120.},
}

@Article{Yamanaka1994,
  author  = {Yamanaka, K. and Matsumoto, T.},
  title   = {The joint side tear of the rotator cuff. A follow up study by arthrography},
  journal = {Clinical Orthopaedic Related Research},
  year    = {1994},
  number  = {304},
  pages   = {68–73.},
}

@Article{Yamazaki1984,
  author  = {Yamazaki, N. and Ishida, H},
  title   = {A biomechanical study of vertical climbing and bipedal walking in gibbons},
  journal = {Journal of Human Evolution},
  year    = {1984},
  number  = {13},
  pages   = {563–571.},
}

@Comment{jabref-meta: databaseType:bibtex;}
