%% LaTeX2e file `fyfe.bib'
%% generated by the `filecontents' environment
%% from source `ijsra_2016_02' on 2016/12/22.
%%
 @ARTICLE {aitchison2004,
  author  = "Ken Aitchison",
  title   = "Supply, demand and a failure of understanding: addressing the culture clash between archaeologists' expectations for training and employment in 'academia' versus 'practice'",
  journaltitle = "World Archaeology",
  year    = "2004",
  volume  = "36",
  number  = "2",
  pages   = "203--219"
 }


 @MANUAL {AAA2004,
  title  = "Code of Ethics",
  author = "Australian Archaeological Association Inc.",
  year   = "2004"
 }


 @MANUAL {aacai,
  title        = "Code of Ethics",
  author       = "AACAI",
  organization = "Australian Association of Consulting Archaeologists",
 }


 @BOOK {beck2008,
  editor    = "Beck, W.",
  title     = "By Degrees. Benchmarking archaeology degrees in Australian Universities",
  publisher = "Teaching and Learning Centre, University of New England",
  year      = "2008",
  location   = "Armidale, NSW"
 }


 @ARTICLE {beck2005,
  author  = "Beck, W. and Balme, J.",
  title   = "Benchmarking for archaeology honours degrees in Australian Universities",
  journaltitle = "Australian Archaeology",
  year    = "2005",
  volume  = "61",
  pages   = "32--40"
 }


 @INPROCEEDINGS {bowdler1984,
  author       = "Bowdler, S.",
  title        = "Archaeological significance as a mutable quality",
  booktitle    = "Site Surveys and Significance Assessment in Australian Archaeology: Proceedings of the 1981 Springwood Conference on Australian Prehistory",
  year         = "1984",
  editor       = "Sullivan, S. and Sandra Bowdler, S.",
  pages        = "1--9",
  location      = "Canberra",
  organization = "Australian National University",
  publisher    = "Department of Prehistory, Research School of Pacific Studies"
 }


 @INCOLLECTION {boytner2012,
  author    = "Boytner, R.",
  title     = "The UCLA Archaeology Field Schools Program: Global Reach, Local Focus",
  booktitle = "Global Perspectives on Archaeological Field Schools. Constructions of Knowledge and Experience",
  publisher = "Springer",
  year      = "2012",
  editor    = "Mytum, H.",
  pages     = "83--102",
  location   = "New York"
 }


 @ARTICLE {brown2008,
  author  = "Brown, S.",
  title   = "Mute or Mutable? Archaeological Significance, Research and Cultural Heritage Management in Australia",
  journaltitle = "Australian Archaeology",
  year    = "2008",
  volume  = "67",
  pages   = "19--30"
 }


 @BOOK {burke2004,
  author    = "Burke, H. and Smith, C.",
  title     = "The Archaeologist's Field Handbook",
  publisher = "Allen and Unwin",
  year      = "2004",
  location   = "Crowís Nest"
 }


 @MISC {busher2012,
  author = "Busher, N.",
  title  = "Site formation processes on a river floodplain: a case study from West Toodyay, Western Australia",
  year   = "2012",
  note   = "Poster presented at Joint Australasian Society for Historical Archaeology and Australasian Institute for Maritime Archaeology Conference, Fremantle, Australia, October 2"
 }


 @INCOLLECTION {clark2012,
  author    = "Clark, Bonnie J.",
  title     = "From Graduate to Professor: Changing Perspectives on Field Schools",
  booktitle = "Global Perspectives on Archaeological Field Schools. Constructions of Knowledge and Experience",
  publisher = "Springer",
  year      = "2012",
  editor    = "Mytum, H.",
  pages     = "217--228",
  location   = "New York"
 }


 @INCOLLECTION {cobb2012,
  author    = "Cobb, H. and Croucher, K.",
  title     = "Field Schools, Transferable Skills and Enhancing Employability",
  booktitle = "Global Perspectives on Archaeological Field Schools. Constructions of Knowledge and Experience",
  publisher = "Springer",
  year      = "2012",
  editor    = "Mytum, H.",
  pages     = "25--40",
  location   = "New York"
 }


 @ARTICLE {colley2004,
  author  = "Colley, S.",
  title   = "University-based Archaeology Teaching and Learning and Professionalism in Australia",
  journaltitle = "World Archaeology",
  year    = "2004",
  volume  = "36",
  pages   = "189--202"
 }


 @ARTICLE {colley2007,
  author  = "Colley, S.",
  title   = "Public Benefits of Archaeology: Results from a Student Questionnaire",
  journaltitle = "Australian Archaeology",
  year    = "2007",
  volume  = "65",
  pages   = "30--36"
 }


 @INCOLLECTION {colley2012,
  author    = "Colley, S.",
  title     = "Archaeological Field Schools and Fieldwork Practice in an Australian Context",
  booktitle = "Global Perspectives on Archaeological Field Schools. Constructions of Knowledge and Experience",
  publisher = "Springer",
  year      = "2012",
  editor    = "Mytum, H.",
  pages     = "61--82",
  location   = "New York"
 }


 @ARTICLE {cosgrove2013,
  author  = "Cosgrove, R. and Frankel, D. and Thomas, D.",
  title   = "From the moat to the Murray: Teaching practical archaeology at La Trobe University, Australia",
  journaltitle = "Australian Archaeology",
  year    = "2013",
  volume  = "76",
  pages   = "44--51"
 }


 @ARTICLE {faulkner2000,
  author  = "Faulkner, N.",
  title   = "Archaeology From Below",
  journaltitle = "Public Archaeology",
  year    = "2000",
  volume  = "1",
  pages   = "22--33"
 }


 @ARTICLE {fredericksen2005,
  author  = "Fredericksen, C.",
  title   = "Archaeology out of the classroom: Some observations on the Fannie Bay Gaol field school, Darwin.",
  journaltitle = "Australian Archaeology",
  year    = "2005",
  volume  = "61",
  pages   = "41--47"
 }


 @ARTICLE {gibbs2005,
  author  = "Gibbs, M. and Roe, D. and Gojak, D.",
  title   = "Useless graduates? Why do we all think that something has gone wrong with Australian archaeological training?",
  journaltitle = "Australian Archaeology",
  year    = "2005",
  volume  = "61",
  pages   = "24--31"
 }


 @ARTICLE {hall2005,
  author  = "Hall, J. and O'Connor S. and Pragnell, J. and Smith, T.",
  title   = "Teaching archaeological excavation at the University of Queensland: Eight years inside TARDIS",
  journaltitle = "Australian Archaeology",
  year    = "2005",
  volume  = "61",
  pages   = "48--55"
 }


 @ARTICLE {ireland2013,
  author  = "Ireland, T. and Guthrie, A. and Mackay, R. and Smith, A.",
  title   = "Historical archaeology and Australia`s cultural heritage sector:emerging issues for education and skills development",
  journaltitle = "Australasian Historical Archaeology",
  year    = "2013",
  volume  = "31",
  pages   = "3--13",
 }


 @MISC {murszewski2012,
  author = "Murszewski, A.",
  title  = "Student training and meaningful projects: developing an appropriate research framework for Statham's Quarry",
  year   = "2012",
  date   = "2012-10-02",
  location = "Fremantle, Australia",
  eventtitle = "Joint Australasian Society for Historical Archaeology and Australasian Institute for Maritime Archaeology Conference",
 }


 @MISC {murszewskiwinter2012,
  author       = "Murszewski, A. and Winter, S.",
  title        = "A Preliminary Report of Archaeological Investigation at Stathamís Quarry, Gooseberry Hill, Western Australia",
  howpublished = "Unpublished report for the Archaeological Society of Western Australia",
  year         = "2012"
 }


 @INCOLLECTION {mytum2012a,
  author    = "Mytum, H.",
  title     = "The Pedagogic Value of Field Schools: Some Frameworks.",
  booktitle = "Global Perspectives on Archaeological Field Schools. Constructions of Knowledge and Experience",
  publisher = "Springer",
  year      = "2012",
  editor    = "Mytum, H.",
  pages     = "9--24",
  location   = "New York"
 }


 @INCOLLECTION {mytum2012b,
  author    = "Mytum, H.",
  title     = "Two-Centre Field Schools: Combining Survey and Excavation in Ireland and Wales or the Isle of Man",
  booktitle = "Global Perspectives on Archaeological Field Schools. Constructions of Knowledge and Experience",
  publisher = "Springer",
  year      = "2012",
  editor    = "Mytum, H.",
  pages     = "103--118",
  location   = "New York"
 }


 @INCOLLECTION {mytum2012c,
  author    = "Mytum, H.",
  title     = "Introduction",
  booktitle = "Global Perspectives on Archaeological Field Schools. Constructions of Knowledge and Experience",
  publisher = "Springer",
  year      = "2012c",
  editor    = "Mytum, H.",
  pages     = "3--8",
  location   = "New York"
 }


 @INCOLLECTION {pyburn2003,
  author    = "Pyburn, K. A.",
  title     = "What are we really teaching in Archaeological Field Schools?",
  booktitle = "Ethical Issues in Archaeology",
  publisher = "Altamira Press",
  year      = "2003",
  editor    = "Zimmerman, L. and Vitelli, K. and Hollowell-Zimmer, J.",
  pages     = "213--224",
  location   = "Walnut Creek"
 }


 @BOOK {renfrew2000,
  author    = "Renfrew, C. and Bahn, P.",
  title     = "Archaeology: Theories, Methods and Practice",
  publisher = "Thames \& Hudson",
  year      = "2000",
  location   = "London",
  edition   = "3"
 }

 @INCOLLECTION {scarlett2012,
  author    = "Scarlett, T. J. and Sweitz, S. R.",
  title     = "Constructing New Knowledge in Industrial Archaeology.",
  booktitle = "Global Perspectives on Archaeological Field Schools. Constructions of Knowledge and Experience",
  publisher = "Springer",
  year      = "2012",
  editor    = "Mytum, H.",
  pages     = "119--146",
  location   = "New York"
 }


 @MANUAL {saa1996,
  title        = "Principles of Archaeological Ethics",
  author       = "SAA",
  organization = "Society for American Archaeology",
  year         = "1996"
 }


 @ARTICLE {ulm2013,
  author  = "Ulm, S. and Mate, G. and Dalley, C. and Nichols, S.",
  title   = "A working profile: The changing face of professional archaeology in Australia",
  journaltitle = "Australian Archaeology",
  year    = "2013",
  volume  = "76",
  pages   = "34--43"
 }


 @ARTICLE {ulm2005,
  author  = "Ulm, S. and Nichols, S. and Dalley, C.",
  title   = "Mapping the shape of contemporary Australian archeology: implications for archaeology teaching and learning",
  journaltitle = "Australian Archaeology",
  year    = "2005",
  volume  = "61",
  pages   = "11--23"
 }


 @MANUAL {wac1990,
  title        = "First Code of Ethics",
  author       = "WAC",
  organization = "World Archaeological Congress",
  year         = "1990"
 }
