%% LaTeX2e file `Hawkins.bib'
%% generated by the `filecontents' environment
%% from source `ijsra_2016_02' on 2016/12/22.
%%
@article{closingWAC,
 title = {Closing Comments to WAC-8 and announcement of the creation of the Joan Gero Book Award},
 url = {http://worldarch.org/blog/closing-comments-to-wac-8-and-announcement-of-the-creation-of-the-joan-gero-book-award},
 journaltitle = {World Archaeological Congress News},
 publisher = {World Archaeological Congress},
 year = {2016},
 month = {09}
}

@article{addressWAC,
 title = {Presidents Address at WAC-8},
 url = {http://worldarch.org/blog/presidents-address-at-wac-8/},
 journaltitle = {World Archaeological Congress News},
 publisher = {World Archaeological Congress},
 year = {2016},
 month = {09}
}

@article{aboutWAC,
 title = {WAC, About WAC},
 url = {http://worldarch.org/about-wac/},
 journaltitle = {World Archaeological Congress News},
 publisher = {World Archaeological Congress},
 year = {2016},
 month = {09}
}

@article{welcomeWAC,
 title = {Welcome to WAC-8 Kyoto},
 url = {http://wac8.org/},
 journaltitle = {World Archaeological Congress News},
 publisher = {World Archaeological Congress},
 year = {2016},
 month = {09}
}
