%% LaTeX2e file
%% generated by the `filecontents' environment
%% from source `ijsra_2016_02' on 2016/08/06.
%%
@Bachelorthesis{aaatest,
	author = {Alexander, G. J.},
	school = {University of Natal, Pietermaritzburg},
	year   = {1984},
	title  = {A preliminary investigation into the relationships between geology, soils and vegetation in the eastern Tuli Block, Botswana},
	note   = {Unpublished},
}

