%% LaTeX2e file `Rivera.bib'
%% generated by the `filecontents' environment
%% from source `ijsra_2016_02' on 2016/12/23.
%%
@book{Ortner2003a,
    author = {Ortner, D. J.},
    title = {Identification of pathological conditions in human skeletal remains},
    publisher = {Academic Press},
    location = {San Diego},
    year = {2003},
    }

@incollection{Ortner2003b,
    author = {Ortner, D. J.},
    title = {Background data in paleopathology},
    pages = {37--44},
    editor = {Ortner, D. J.},
    booktitle = {Identification of Pathological Conditions in Human Skeletal Remains},
    publisher = {Academic Press},
    location = {San Diego},
    year = {2003},
    }

@incollection{Ortner2003c,
    author = {Ortner, D. J.},
    title = {Theoretical issues in paleopathology},
    pages = {109--118},
    editor = {Ortner, D. J.},
    booktitle = {Identification of Pathological Conditions in Human Skeletal Remains},
    publisher = {Academic Press},
    location = {San Diego},
    year = {2003},
}

@article{Ortner2011,
        author = {Ortner, D. J.},
                               title = {Human skeletal paleopathology},
   pages = {4--11},
   journaltitle = {International Journal of Paleopathology},
   volume = {1},
   year ={2011},
    }

@incollection{Robb2000,
    author = {Robb, J.},
    title = {Analysing human skeletal data},
    pages = {475--490},
    editor = {Cox, M. and Mays, S.},
    booktitle = {Human Osteology: In Archaeology and Forensic Science},
    publisher = {Cambridge University Press},
    location = {New York},
    year = {2000},
    }

@book{Roberts2007,
    author = {Roberts, C. and Manchester, K.},
    title = {The archaeology of disease},
    publisher = {The History Press},
    location = {Stroud},
    year = {2007},
    }

@book{Waldron1994,
    author = {Waldron, T.},
    title = {Counting the dead: the epidemiology of skeletal populations},
    publisher = {Wiley},
    location = {New York},
    year = {1994},
    }

@book{Waldron2009,
    author = {Waldron, T.},
    title = {Palaeopathology},
    publisher = {Cambridge University Press},
    location = {New York},
    year = {2009},
    }

@book{Wells1964,
    author = {Wells, C.},
    title = {Bones, bodies and disease},
    publisher = {Thames and Hudson},
    location = {London},
    year = {1964},
    }

