% Encoding: UTF-8

@Book{Apul_met_I,
  author        = {Apuleius Madaurensis, Lucius},
  title         = {Metamorphoses},
  year          = {2007},
  editor        = {Keulen, W. H.},
  subtitle      = {I},
  volume        = {1},
  publisher     = {Boumâ€™s Boekhuis B. V. Publishers},
  translator    = {Keulen, W. H.},
  commentator   = {Keulen, W. H.},
  introduction  = {Keulen, W. H.},
  origlanguage  = {latin},
  series        = {Groningen Commentaries on Apuleius},
  location      = {Groningen},
  crossref      = {Apul_met_Kommentar},
  options       = {skipbib,ancient},
  owner         = {Lukas C. Bossert},
  shortauthor   = {Apuleius},
  shorthand     = {Apul. met. [Komm. 1]},
  sortshorthand = {Apul. met. Komm. 1},
  timestamp     = {2017-11-04},
}

@Comment{jabref-meta: databaseType:biblatex;}
