%% LaTeX2e file `Clark.bib'
%% generated by the `filecontents' environment
%% from source `_ijsra_2018_04' on 2018/12/14.
%%
@Article{Ballard_2004,
 author    = {Ballard, Chris and Bradley, Richard and Myhre, Lise Nordenborg and Wilson, Meredith},
 title     = {The ship as symbol in the prehistory of Scandinavia and Southeast Asia},
 journal   = {World Archaeology},
 year      = {2004},
 volume    = {35},
 number    = {3},
 pages     = {385--403},
 publisher = {Taylor \& Francis},
}

@Article{Bill_2016,
 author  = {Bill, Jan},
 title   = {Ambiguous Mobility in the Viking Age Ship Burial from Oseberg},
 editor = {I Peter Bjerregaard and Anders Emil Rasmussen and Tim flohr S{\o}rensen},
 booktitle = {Materialities of Passing: Explorations in Transformation, Transition and Transience},
 year    = {2016},
 pages   = {207--220},
}

@Article{Bradley_2010,
 author  = {Bradley, Richard and Skoglund, Peter and Wehlin, Joakim},
 title   = {Imaginary vessels in the Late Bronze Age of Gotland and South Scandinavia},
 journal = {Current Swedish Archaeology},
 year    = {2010},
 volume  = {18},
 pages   = {79--103},
}

@Article{Price_2008,
 author    = {Price, Neil},
 title     = {Dying and the dead: Viking Age mortuary behaviour},
 journal   = {The Viking World},
 year      = {2008},
 pages     = {257--73},
 publisher = {Routledge London},
}

@MastersThesis{Wehlin_2010,
 author    = {Wehlin, Joakim},
 title     = {Approaching the Gotlandic Bronze Age from sea: future possibilities from a maritime perspective},
 school    = {University of Gothenbourg/Gotland University},
 year      = {2010},
 publisher = {Gotland university},
}

@Article{Williams_2010,
 author    = {Williams, Howard and Rundkvist, Martin and Danielsson, Arne},
 title     = {The landscape of a Swedish boat-grave cemetery},
 journal   = {Landscapes},
 year      = {2010},
 volume    = {11},
 number    = {1},
 pages     = {1--24},
 publisher = {Taylor \& Francis},
}

@Article{Skoglund_2008,
 author    = {Skoglund, Peter},
 title     = {Stone ships: continuity and change in Scandinavian prehistory},
 journal   = {World Archaeology},
 year      = {2008},
 volume    = {40},
 number    = {3},
 pages     = {390--406},
 publisher = {Taylor \& Francis},
}

@Article{Hansson_1998,
 author  = {Hansson, Martin},
 title   = {Graves, Grave-Fields and Burial Customs},
 journal = {Lund Archaeological Review for 1998},
 year    = {1998},
 pages   = {49--65},
}

@Book{Herschend_2001,
 title     = {Journey of Civilization: The Late Iron Age View of the Human World},
 publisher = {(Uppsala, Uppsala University Department of Archaeology and Ancient History)},
 year      = {2001},
 author    = {Herschend, F},
}

@Article{Rundkvist_2008,
 author    = {Rundkvist, Martin and Williams, Howard},
 title     = {A Viking boat grave with amber gaming pieces excavated at Skamby, {\"O}sterg{\"o}tland, Sweden},
 journal   = {Medieval Archaeology},
 year      = {2008},
 volume    = {52},
 number    = {1},
 pages     = {69--102},
 publisher = {Taylor \& Francis},
}

@incollection{Sanmark_2010,
 author  = {Sanmark, Alexandra},
 title   = {Living on: Ancestors and the soul},
 booktitle = {Signals of Belief: Anglo-Saxon Paganism Revisited},
 year    = {2010},
 pages   = {162--184},
}

@Article{Sundqvist_2015,
 author  = {Sundqvist, Olof},
 title   = {The Pre-Christian Cult of Dead Royalty in Old Norse Sources: Medieval Speculations or Ancient Traditions?},
 journal = {Scripta Islandica: Isl{\"a}ndska S{\"a}llskapets {\AA}rsbok},
 year    = {2015},
 volume  = {66},
 pages   = {177--212},
}

@Article{Nordberg_2013,
 author  = {Nordberg, A.},
 title   = {Fornnordisk religionsforskning mellan teori och empiri},
 journal = {Acta Academiae regiae Gustavi Adolphi},
 year    = {2013},
 volume  = {CXXVI},
}

@Book{Price_2015,
 title     = {Ancient Scandinavia: An archaeological history from the first humans to the Vikings},
 publisher = {Oxford University Press, USA},
 year      = {2015},
 author    = {Price, Theron Douglas},
}

@MastersThesis{Gustavsson_2012,
 author = {Gustavsson, Anders},
 title  = {Artefacts and bone patterns in stone ship settings on Gotland},
 school = {University of Gotland},
 year   = {2012},
}

@Electronic{Price_2012a,
 author       = {Neil Price},
 title        = {The Shape of the Soul: The Viking Mind and the Individual},
 organization = {youtube},
 url          = {https://www.youtube.com/watch?v=7Db9sG1PSsQ&t=1169s},
 date         = {2012},
}

@Electronic{Price_2012b,
 author       = {Neil Price},
 title        = {Life and Afterlife: Dealing with the Dead in the Viking Age},
 organization = {youtube},
 url          = {https://www.youtube.com/watch?v=uu2gN8n15_A&t=1694s},
 date         = {2012},
}

@MastersThesis{Ruffoni_2011,
 author = {Ruffoni, Kirsten},
 title  = {Viking Age Queens: The example of Oseberg},
 school = {University of Oslo},
 year   = {2011},
}

@Article{Runesson_2010,
 author  = {Runesson, Gunilla},
 title   = {Gotlandic Bronze Age Settlements in Focus},
 journal = {Baltic Prehistoric Interactions and Transformations},
 year    = {2010},
 pages   = {79},
}

@Article{Eriksen_2013,
 author    = {Eriksen, Marianne Hem},
 title     = {Doors to the dead. The power of doorways and thresholds in Viking Age Scandinavia},
 journal   = {Archaeological dialogues},
 year      = {2013},
 volume    = {20},
 number    = {2},
 pages     = {187--214},
 publisher = {Cambridge University Press},
}

@Article{Montgomery_2000,
 author  = {Montgomery, James E},
 title   = {Ibn Fadlan and the R{\=u}siyyah},
 journal = {Journal of Arabic and Islamic studies},
 year    = {2000},
 volume  = {3},
 pages   = {1--25},
}

@Article{Wallin_2010,
 author  = {Wallin, Paul},
 title   = {Neolithic monuments on Gotland: material expressions of the domestication process},
 journal = {Baltic Prehistoric Interactions and Transformations: The Neolithic to the Bronze Age},
 year    = {2010},
 pages   = {39--62},
}

@Article{Helskog_1999,
 author    = {Helskog, Knut},
 title     = {The shore connection. Cognitive landscape and communication with rock carvings in northernmost Europe},
 journal   = {Norwegian archaeological review},
 year      = {1999},
 volume    = {32},
 number    = {2},
 pages     = {73--94},
 publisher = {Taylor \& Francis},
}

@Article{Westerdahl_2005,
 author    = {Westerdahl, Christer},
 title     = {Maritime cosmology and archaeology},
 journal   = {Deutsches Schiffahrtsarchiv},
 year      = {2005},
 volume    = {28},
 pages     = {7--54},
 publisher = {DEU},
}

@Article{Westerdahl_2015,
 author    = {Westerdahl, Christer},
 title     = {The Viking Ship in Your Mind. Some comments on its cognitive roles},
 journal   = {Ãrbok Norsk Maritimt Museum},
 year      = {2015},
 volume    = {14},
 pages     = {33-70},
 publisher = {Ãrbok Norsk Maritimt Museum},
}

@Article{Artursson_2013,
 author  = {Artursson, Magnus},
 title   = {SHIPS IN STONE: SHIP-LIKE STONE SETTINGS, WAR CANOES AND SAILING SHIPS IN BRONZE AGE SOUTHERN SCANDINAVIA},
 journal = {Counterpoint: Essays in Archaeology and Heritage Studies in Honour of Professor Kristian Kristiansen},
 year    = {2013},
 pages   = {499--504},
}

@Article{Skoglund_2009,
 author    = {Skoglund, Peter},
 title     = {Beyond chiefs and networks: corporate strategies in Bronze Age Scandinavia},
 journal   = {Journal of Social Archaeology},
 year      = {2009},
 volume    = {9},
 number    = {2},
 pages     = {200--219},
 publisher = {SAGE Publications Sage UK: London, England},
}

@InBook{Skoglund_2014,
 pages     = {201-214},
 title     = {Social landscapes of Bronze Age Scandinavia},
 publisher = {Routledge},
 year      = {2014},
 author    = {Skoglund, Peter},
 journal   = {Local Societies in Bronze Age Northern Europe},
}

@Book{Kaul_1998,
 title     = {Ships on Bronzes: A Study in Bronze Age Religion and Iconography: Catalogue of Danish Finds. II},
 publisher = {National Museum of Denmark, Department of Danish Collections},
 year      = {1998},
 author    = {Kaul, Flemming},
}

@Article{Manguin_1986,
 author    = {Manguin, Pierre-Yves},
 title     = {Shipshape societies: boat symbolism and political systems in insular Southeast Asia},
 journal   = {Southeast Asia in the 9th to 14th Centuries},
 year      = {1986},
 pages     = {187--213},
 publisher = {Singapore: ISEAS \& Canberra: ANU},
}

@Comment{jabref-meta: databaseType:bibtex;}

