%% LaTeX2e file `ESHE.bib'
%% generated by the `filecontents' environment
%% from source `ESHE' on 2018/05/27.
%%
