%% LaTeX2e file `Husemann.bib'
%% generated by the `filecontents' environment
%% from source `Husemann' on 2018/07/11.
%%
@book{history,
address = {Chicago},
editor = {Johnson},
publisher = {Johnson & Company},
title = {The History of Peoria County, Illinois},
year = {1880},
url = {https://books.google.com/books?id=j4w6AQAAIAAJ},
}


@book{allen_1861,
 address = {Philadelphia},
 author = {Allen, D.},
 publisher = {Matthews, Crane, and Co. Publishers.},
 title = {Map of Peoria Co., Illinois},
 year = {1861},
 url = {https://www.loc.gov/item/2013593079/},
}

@book{andreas_1873,
 address = {Chicago},
 author = {Andreas, A.},
 title = {Atlas map of Peoria County, Illinois; Compiled, drawn, and published from personal examinations and surveys by A.T. Andreas},
 year = {1873},
 url = {https://catalog.hathitrust.org/Record/100319188},
}

@book{gallay_2015,
 author = {Gallay, A.},
 publisher = {Routledge},
 title = {Colonial Wars of North America 1512-1763 (Routledge Revivals): An Encyclopedia},
 year = {2015},
 url = {https://books.google.com/books?isbn=1317487184},
}

@book{carroll_1970,
 address = {New York},
 author = {Carroll, Dorothy},
 publisher = {Plenum Press},
 title = {Rock Weathering},
 year = {1970},
}

@book{ehlers_2004,
 address = {Amsterdam},
 editor = {Ehlers, J},
 publisher = {Elsevier},
 title = {Quaternary Glaciations - Extent and Chronology: Part II: North America},
 year = {2004},
}

@book{gallay_2015,
 address = {New York},
 author = {Gallay, A.},
 publisher = {Routledge},
 series = {Routledge Revivals},
 title = {Colonial Wars of North America, 1512-1763: An Encyclopedia},
 year = {2015},
}

@book{gibbon_1998,
 address = {New York},
 author = {Gibbon, G.},
 publisher = {Garland Publishing, Inc},
 title = {Archaeology of Prehistoric Native America: an Encyclopedia},
 year = {1998},
}



@unpublished{illinois_94,
 author = {Illinois General Assembly, 94th General Assembly},
 title = {Full Text of SJR0073},
 url = {http://www.ilga.gov/legislation/fulltext.asp?DocName=&SessionId=50&GA=94&DocTypeId=SJR&DocNum=73&GAID=8&LegID=24935&SpecSess=&Session=},
}


@article{mcconaughy_1985,
 author = {McConaughy, M.},
 journal = {Midcontinental Journal of Archaeology},
 month = {September},
 number = {2},
 pages = {171-193},
 title = {Two Early Mississippian Period Structures from the Rench Site (11P4), Peoria County, Illinois},
 volume = {10},
 year = {1985},
 url = {https://www.jstor.org/stable/20707948},
}

@book{mcculloch_1902,
 address = {Chicago},
 editor = {McCulloch, D},
 publisher = {Peoria: Munsell Publishing Company},
 title = {Preface - Historical Encyclopedia of Illinois and History of Peoria County},
 year = {1902},
 url = {https://books.google.com/books?id=4wZJAQAAMAAJ},
}

@book{purphree_2012,
 editor = {Murphree, D},
 publisher = {Santa Barbara: Greenwood},
 title = {Native America: A State-by-State Historical Encyclopedia},
 volume = {I},
 year = {2012},
 url = {https://books.google.com/books?isbn=0313381275},
}

@techreport{porth,
 title = {North Staffordshire Pottery Marks},
 institution = {J \& G Meakin (Ltd)},
 note = {Accessed 9 Jul. 2017},
 url = {http://www.thepotteries.org/mark/m/meakin_jg.html},
}

@techreport{projectile,
 title = {Projectile Point Identification Guide},
 institution = {Projectile Point Typology Database},
 note = {Accessed 9 Jul. 2017},
 url = {http://www.projectilepoints.net/},
}


@article{illinois_2015,
 author = {Illinois Geospatial Data Clearinghouse},
 title = {1937-1947 Illinois Historical Aerial Photography},
 year = {2015},
 url = {http://clearinghouse.isgs.illinois.edu/data/imagery/1937-1947-illinois-historical-aerial-photography},
}

@article{illinois_inventory,
 author = {Illinois Inventory of Archaeological Sites},
 url = {https://geoserver.dnr.illinois.gov/archaeologyviewer/},
}

@article{illinois_2000,
 author = {Illinois State Museum},
 title = {Ancestors of the Illinois},
 year = {2000},
 url = {http://www.museum.state.il.us/muslink/nat_amer/post/htmls/arch_anc.html},
}

@article{illinois_16000,
 author = {Illinois State Museum},
 title = {The Midwestern United States 16,000 Years Ago; Glacial Deposits: Loess and Till},
 url = {http://exhibits.museum.state.il.us/exhibits/larson/loess.html},
}

@book{lacquement_2007,
 address = {Tuscaloosa},
 editor = {Lacquement, C.},
 publisher = {University of Alabama Press},
 title = {Architectural Variability in the Southeast},
 year = {2007},
 url = {https://books.google.com/books?isbn=081735459X},
}


@article{rennick_1935,
 author = {Rennick, P.},
 journal = {Journal of the Illinois State Historical Society},
 number = {4},
 pages = {366--368},
 title = {The Peoria and Galena Trail and Coach Road and the Peoria Neighborhood},
 volume = {28},
 year = {1935},
 url = {http://www.galenatrail.com/maps/rennickarticle.pdf},
}

@article{epa,
 author = {United States Environmental Protection Agency},
 year = {2015},
 title = {Level III and IV Ecoregions of the Continental United States},
 url = {https://www.epa.gov/eco-research/level-iii-and-iv-ecoregions-continental-united-states},
}

@article{usda,
 author = {USDA Natural Resources Conservation Service},
 title = {Soil Survey},
 url = {https://www.nrcs.usda.gov/wps/portal/nrcs/main/soils/survey/},
}

@article{Wagner_2013,
 author = {Wagner, M.},
 journal = {Illinois Archaeology},
 pages = {141-161},
 title = {The Marshall Site: A Native American Petroglyph Site in the Central Illinois River Valley},
 volume = {25},
 year = {2013},
}


