%% LaTeX2e file `ICAHM.bib'
%% generated by the `filecontents' environment
%% from source `ICAHM' on 2018/12/08.
%%
 }
