%% LaTeX2e file `Lakshminarayanan.bib'
%% generated by the `filecontents' environment
%% from source `_ijsra_2018_04' on 2018/12/15.
%%

@article{ardika1991,
 author = {Ardika, I. W. and Bellwood, P.},
 journal = {Antiquity},
 pages = {221-232},
 title = {Sembiran: the beginnings of Indian contact with Bali},
 volume = {247},
 year = {1991},
}
@incollection{bagnall2000,
 address = {Bruxelles},
 author = {Bagnall, R.S.},
 title = {Introduction},
 booktitle = {Documents from Berenice Volume I},
 editor = {Bagnall, R.S. and Helms, C. and Verhoogt, A.M.F.W.},
 publisher = {Fondation égyptologique Reine Élisabeth},
 year = {2000},
 page = {1-8},
}
@article{begley1983,
 author = {Begley, V.},
 journal = {American Journal of Archaeology},
 pages = {461-81},
 title = {Arikamedu Reconsidered},
 volume = {87},
 year = {1983},
}
@book{begley1986,
 author = {Begley, V.},
 publisher = {Expedition Magazine},
 title = {Rouletting and Chattering},
 year = {1986},
}

@article{begley1988,
 author = {Begley, V.},
 journal = {American Journal of Archaeology},
 pages = {427-440},
 title = {Rouletted Ware at Arikamedu: A New Approach},
 volume = {92},
 number = {3},
 year = {1988},
}

@techreport{begley1996,
 author = {Begley, V. and others},
 institution = {Centre d'histoire et d'archéologie, École française d'Extrême-Orient, Paris},
 title = {The Ancient port of Arikamedu: new excavations and researches 1989-1992, Part 1},
 year = {1996},
}

@incollection{begley2004,
 address = {Pondichéry},
 author = {Begley, V.},
 booktitle = {Ancient port of Arikamedu new excavations and researches, 1989-1992, Volume 1},
 publisher = {Centre d'histoire et d'archéologie, École française d'Extrême-Orient},
 year = {2004},
 page = {1-8},
}

@book{bushnell1998,
 author = {Bushnell, T.},
 publisher = {The Internet Classics Archives},
 title = {Res Gestae Divi Augusti},
 year = {1998},
}
@book{casson1989,
 address = {New York},
 author = {Casson, L.},
 publisher = {Princeton University Press},
 title = {The Periplus Maris Erythraei: Text with Introduction, Translation and Commentary},
 year = {1989},
}
@article{chami2001,
 author = {Chami, F. A.},
 journal = {Man and Environment},
 number = {1},
 pages = {33-44},
 title = {People and contacts in the ancient western Indian Ocean seaboard or Azania},
 volume = {27},
 year = {2001},
}
@book{champakalakshmi1996,
 address = {New Delhi},
 author = {Champakalakshmi, R.},
 publisher = {Oxford University Press},
 title = {Trade, Ideology and Urbanisation: South India, 330 BC to AD 1300},
 year = {1996},
}
@book{chandra1977,
 address = {New Delhi},
 author = {Chandra, M.},
 publisher = {Abhinav Publications},
 title = {Trade and Trade Routes in Ancient India},
 year = {1977},
}
@book{correspondent2007,
 author = {Correspondent, S.},
 publisher = {The Hindu. [Online]},
 year = {2007},
}
@article{charlesworth1928,
 author = {Charlesworth, M.P.},
 year = {1928},
 title = {Some Notes On the Periplus Maris Erythraei},
 journal = {Classical Quarterly},
 volume = {22},
 number = {2},
 pages = {92-100},
}
@book{craik2015,
 address = {London},
 author = {Craik, E.},
 publisher = {Routledge Revivals},
 title = {The Dorian Aegean},
 year = {2015},
}
@book{dihle1965,
 author = {Dihle, A.},
 year = {1965},
 title = {Umstrittene Daten Untersuchungen zum Auftreten der Griechen am Roten Meer: Das Datum des Periplus des Roten Meeres},
 address = {Koln},
 editor = {Dihle, A.},
}
@book{dressel1899,
 address = {Berlin},
 author = {Dressel, H.},
 title = {Corpus Inscriptionum Latinarum, band XV},
 year = {1899},
}
@article{empereur1989,
 author = {Empereur, J. Y. and M. Picon.},
 journal = {ARHE},
 pages = {223-248},
 title = {Les régions de production d'amphores impériales en Méditerranée orientale},
 year = {1989},
}
@book{frakes2009,
 address = {Vienna},
 author = {Frakes, J. F.},
 publisher = {Phoibos},
 title = {Framing Public Life: The Portico in Roman Gaul},
 year = {2009},
}

@article{francis1986,
 author = {Francis Jr, P.},
 journal = {Bulletin of the Deccan College Post-Graduate \& Research Institute},
 pages = {117-121},
 title = {Collar beads: a new typology and a new perspective on ancient Indian beadmaking},
 volume = {45},
 year = {1990},
}

@article{francis1990,
 author = {Francis Jr, P.},
 journal = {Asian Perspectives},
 number = {1},
 pages = {1-23},
 title = {Glass Beads in Asia, Part 2: Indo-Pacific Beads},
 volume = {XXIX},
 year = {1990},
}
@incollection{francis2000,
 address = {Leiden},
 author = {Francis Jr, P},
 booktitle = {Report of the 1998 excavations at Berenike and the survey of the eastern desert including excavations at the Wadi Kalat.},
 editor = {Sidebotham, S. E. and Wendrich, W. Z},
 publisher = {CNWS},
 title = {Human Ornaments},
 year = {2000},
}
@book{francis2002,
 address = {Honolulu},
 author = {Francis Jr, P.},
 publisher = {University of Hawaii Press},
 title = {Francis: Asia's Maritime Bead Trade},
 year = {2002},
}
@incollection{francis2007,
 address = {Los Angeles},
 author = {Francis Jr, P.},
 booktitle = {Berenike 1999/2000: Report on the excavations at Berenike including Wadi Kalat and Siket and the survey of the Mons Smaragdus Region},
 editor = {Sidebotham, S. E and Wendrich, W. Z},
 publisher = {University of California},
 title = {Personal adornments},
 year = {2007},
}
@article{gwinett1988,
 author = {Gwinett, A. and Gorelick, L.},
 journal = {Archaeomaterials},
 number = {2},
 pages = {183-93},
 title = {A possible lapidary training piece from Arikamedu, India},
 volume = {2},
 year = {1988},
}
@article{haerinck1998,
 author = {Haerinck, E.},
 journal = {Akkadica},
 pages = {22-40},
 title = {The shifting pattern of overland and seaborne trade in SE-Arabia: foreign pre-Islamic coins from Mleiha},
 year = {1998},
}
@article{harrauer1985,
 author = {Harrauer, H. and Sipjesteijen, P.},
 journal = {Anzeiger der Österreichischen Akademie der Wissenschaften, Phil.-Hist. Klasse},
 pages = {124-155},
 title = {Ein neues Dokument zu Roms Indienhandel, P. Vindob. G 40822},
 volume = {122},
 year = {1985},
}
@incollection{harrell1996,
 address = {Leiden},
 author = {Harrell, J. A.},
 booktitle = {Berenike 1995: Preliminary Report on the 1995 Excavations at Berenike (Egyptian Red Sea Coast) and the Survey of the Eastern Desert},
 editor = {Sidebotham, S. E. and W. Z. Wendrich},
 pages = {99-126},
 publisher = {Centre for Non-Western Studies, Leiden University},
 title = {Geology},
 year = {1996},
}
@book{howard2012,
 address = {Jefferson},
 author = {Howard, M. C.},
 publisher = {McFarland},
 title = {Transnationalism in Ancient and Medieval Societies: The Role of Cross-Border Trade and Travel},
 year = {2012},
}
@book{jones1917,
 address = {London},
 author = {Jones, H.},
 publisher = {Loeb Classical Library},
 title = {Strabo's Geography},
 year = {1917},
}
@book{kamalakar2000,
 address = {New Delhi},
 author = {Kamalakar, G.},
 publisher = {Bharatiya Kala Prakashan},
 title = {South Indian Archaeology},
 year = {2000},
}
@incollection{kasinathan1994,
 address = {Madras},
 author = {Kasinathan, N.},
 booktitle = {Collected Papers (Studies in Tamil Culture)},
 editor = {Kacinatan, N.},
 pages = {31-34},
 publisher = {State Department of Archaeology},
 title = {Two Roman Coins from Alagankulam Excavation},
 year = {1994},
}

@incollection{kasinathan1996,
 address = {New Delhi},
 author = {Kasinathan, N.},
 booktitle = {Gauravam. Recent Researches in Indology},
 editor = {Kasinathan, N.},
 pages = {86-92},
 publisher = {Herman Publishing House},
 title = {A Preliminary Report on the Excavations at Alagankulam, Tamilnadu},
 year = {1996},
}

@book{lannoye2015,
 address = {North Charleston},
 author = {Lannoye, V.},
 publisher = {CreateSpace Independent Publishing Platform},
 title = {The History of Money for Understanding Economics},
 year = {2015},
}
@book{laubenheimer1990,
 address = {Paris},
 author = {Laubenheimer, F.},
 publisher = {Errance},
 title = {Le temps des amphores en Gaule: vins, huiles et sauces},
 year = {1990},
}
@book{mairs2016,
 address = {Berkeley},
 author = {Mairs, R.},
 publisher = {University of California Press},
 title = {The Hellenistic Far East: Archaeology, Language, and Identity in Greek Central Asia},
 year = {2016},
}
@incollection{mahadevan1995,
 address = {Leiden},
 author = {Mahadevan, L.},
 booktitle = {Preliminary Reports of the 1995 Excavation at Bernike},
 pages = {731-45},
 publisher = {CNWS},
 title = {Tamil Brahmi Graffito},
 year = {1995},
}
@article{newbold1844,
 author = {Newbold,C.},
 journal = {Journal of the Asiatic Society},
 pages = {20-37},
 title = {Summary of the geology of Southern India},
 volume = {IX},
 year = {1844},
}
@incollection{nagappan1974,
 author = {Nagappan Nayar, K. and Mahadevan, S.},
 booktitle = {The Commercial Mollusks of India},
 pages = {122-140},
 publisher = {Central Marine Fisheries Research Institute Cochin Bulletin, Volume 25},
 title = {Chank Fisheries and the Industrial use of Chank},
 year = {1974},
}
@incollection{rajan1998,
 address = {New Delhi},
 author = {Rajan, K.},
 booktitle = {Tradition and Archaeology. Early Maritime contacts in the Indian Ocean. Proceedings of the International Seminar Techno-Archaeological Perspectives of Seafaring in the Indian Ocean 4th cent. B.C. - 15th cent. A.D.},
 editor = {Himanshu Prabha Ray and Jean-François Salles},
 publisher = {Manohar Publishers and Distributors},
 title = {Early maritime activities of the Tamils},
 year = {1998},
}
@book{ramachandran1980,
 address = {Delhi},
 author = {Ramachandran, K. S.},
 publisher = {Sandeep Prakashan},
 title = {Archaeology of South India: Tamil Nadu},
 year = {1980},
}
@article{redfern2016,
 author = {Redfern, R. and others},
 journal = {Journal of Archaeological Science},
 pages = {11-22},
 title = {Going south of the river: A multidisciplinary analysis of ancestry, mobility and diet in a population from Roman Southwark, London},
 volume = {74},
 year = {2016},
}

@book{sherwin-white1978,
 address = {Virginia},
 author = {Sherwin-White, S.},
 publisher = {Vandenhoeck \& Ruprecht GmbH KG},
 title = {Ancient Cos},
 year = {1978},
}

@book{sidebotham2008,
 address = {Cairo},
 author = {Sidebotham, S. and M. Hense and H. Nouwens},
 publisher = {American University in Cairo Press},
 title = {The Red Land: The Illustrated Archaeology of Egypt's Eastern Desert},
 year = {2008},
}
@book{sinkankas1996,
 address = {New Delhi},
 author = {Sinkankas,J.},
 publisher = {Affiliated East-West Press},
 title = {Mineralogy: A First Course},
 year = {1996},
}
@book{sharma2002,
 address = {New Delhi},
 author = {Sharma, P. and Yelne, M. and Dennis, J.},
 publisher = {Central Council for Research in Ayurveda and Siddha},
 title = {Database on Medicinal Plants Used in Ayurveda 5},
 year = {2002},
}
@article{smith2002,
 author = {Smith, M.},
 journal = {Man and Environment},
 number = {1},
 pages = {139-51},
 title = {The Role of Local Trade Networks in the Indian Subcontinent in the Early Historic Period},
 volume = {XXVII},
 year = {2002},
}
@article{suresh2010,
 author = {Suresh, S.},
 journal = {Minerva},
 number = {5},
 pages = {28-31},
 title = {Rome's sea Route to India},
 volume = {21},
 year = {2010},
}
@book{tchernia2016,
 address = {Oxford},
 author = {Tchernia, A.},
 publisher = {Oxford University Press},
 title = {The Romans and Trade},
 year = {2016},
}
@article{tomber2012,
 author = {Tomber, R.},
 journal = {British Museum Studies in Ancient Egypt and Sudan},
 pages = {201-215},
 title = {From the Roman Red Sea to beyond the Empire: Egyptian ports and their trading partners},
 volume = {18},
 year = {2012},
}
@book{turner1989,
 address = {London},
 author = {Turner, P.},
 publisher = {Institute of Archaeology Occasional Publication 12},
 title = {Roman Coins from India},
 year = {1989},
}

@book{turner2016,
 address = {London},
 author = {Turner, P.},
 title = {Roman Coins from India},
 year = {2016},
}

@book{thapar2002,
 address = {London},
 author = {Thapar, R.},
 publisher = {Penguin Books},
 title = {Early India from the Origins to AD 1300},
 year = {2002},
}
@incollection{vanderveen,
 address = {Southampton},
 author = {Van der Veen, M.},
 booktitle = {Myos Hormos and Queseir Al Qadim: A Roman and Islamic Port on the Red Sea coast of Egypt: Interim Report 2001},
 editor = {Peacock, D., Blue and L., Moser},
 publisher = {University of Southampton},
 title = {The plant remains: diet and fuel in Roman Myos Hormos},
 year = {2001},
}%source not used
@book{virgil,
 author = {Virgil},
 editor = {Dryden, J.},
 publisher = {The Internet Classics Archives},
 title = {The Aneneid},
 year = {n.d.},
}
@article{wheeler1946,
 author = {Wheeler, M. and others},
 journal = {Ancient India},
 pages = {17-25},
 title = {Arikamedu, an Indo-Roman Trading Station on the East Coast of India},
 volume = {2},
 year = {1946},
}
@book{wheeler1954,
 address = {New York},
 author = {Wheeler, M.},
 title = {Rome beyond the Imperial Frontiers},
 year = {1954},
}
@book{wheeler1955,
 address = {London},
 author = {Wheeler, M.},
 publisher = {Bell},
 title = {Rome beyond the Imperial Frontiers},
 year = {1955},
}
@article{whitcomb1996,
 author = {Whitcomb, D.},
 journal = {Topoi},
 pages = {747-72},
 title = {Quesar Al Qadim and the Location of Myos Hormos},
 volume = {6},
 year = {1996},
}
@book{whitcomb1982,
 address = {Cairo},
 author = {Whitcomb, D. and Johnson, J. H.},
 publisher = {Undena Publications},
 series = {American Research Center in Egypt Reports 7},
 title = {Quesar Al Qadim 1980 Report},
 year = {1982},
}

@book{whittaker1994,
 address = {Baltimore},
 author = {Whittaker, C.},
 publisher = {Johns Hopkins University Press},
 title = {Frontiers of the Roman Empire: A Social and Economic study},
 year = {1994},
}
@incollection{will1992a,
 address = {Boulder},
 author = {Will, E.},
 booktitle = {Ceramic Production and Distribution: An intergrated approach},
 editor = {Beyll, G.J. and Pool, C.},
 publisher = {Westview},
 title = {Production, Distribution, and Disposal of Roman Amphorae},
 year = {1992},
}
@book{will1992b,
 address = {Paris},
 author = {Will, E.},
 publisher = {Collins},
 title = {Les Palmyreniens: Venice des sables},
 year = {1992b},
}
@article{will2001,
 author = {Will, E.},
 journal = {American Journal of Archaeology},
 number = {2},
 pages = {263},
 title = {Truth in Roman Labeling?},
 volume = {105},
 year = {2001},
}
@article{zlateva2015,
 author = {Zlateva, B. and Rangelov, M.},
 journal = {Journal of Applied Spectroscopy},
 number = {2},
 pages = {221-227},
 title = {Chemical Analysis of Organic Residues Found in Hellenistic Time Amphorae from South East Bulgaria},
 volume = {82},
 year = {2015},
}

