%% LaTeX2e file `Lindsey.bib'
%% generated by the `filecontents' environment
%% from source `Lindsey' on 2018/06/16.
%%
 author = {Anonymous},
 month = {July},
 note = {Photograph},
 title = {Green and White Grocery Store},
 year = {1958},
 url = {texashistory.unt.edu/ark:/67531/metapth531415/},
 comment = {University of North Texas Libraries},
}

@book{anzaldua,
 author    = "Anzaldua, G.",
 title     = "Borderlands/La Frontera: The New Mestiza",
 publisher = "Aunt Lute",
 year      = "2012",
 address   = "San Francisco"
}

@incollection{ashmore,
 address = {Oxford},
 author = {Ashmore, W.},
 booktitle = {Mesoamerican Archaeology},
 editor = {J. Hendon and R. Joyce},
 pages = {169-191},
 publisher = {Blackwell},
 title = {Classic Maya Landscapes and Settlement},
 year = {2004},
}

@article{barragan,
 author = {Barragan, J.},
 publisher = {Austin American-Statesman},
 title = {Quietly, lawsuit over Jumpolin pinata store demolition is resolved},
 year = {2015},
 url = {http://www.statesman.com/news/local/quietly-lawsuit-over-jumpolin-pinata-store-demolition-resolved/wscvBWvCw7Spi4pyXsT9cP},
 comment = {Accessed 05/12/2017},
}

@book{becker,
 author = {Becker, T., J. Boisvenue and S. Garcia},
 note = {Video},
 publisher = {The East Austin Project},
 title = {The Green and White},
 year = {2003},
 url = {https://youtu.be/a77OV42ISHY},
}

@article{campion,
 author = {Campion, G.},
 journal = {Antiquity},
 pages = {847-860},
 title = {People, Process and the Poverty-Pew: a functional analysis of mundane buildings in the Nottinghamshire framework-knitting industry.},
 volume = {70},
 year = {1996},
}

@article{delgado,
 author = {Delgado, M. and D. Humm-Delgado},
 journal = {Social Work},
 number = {1},
 pages = {83-89},
 title = {Natural Support Systems: Source of Strength in Hispanic Communities},
 volume = {27},
 year = {1982},
}

@article{fisch,
 author = {Fisch, S.},
 journal = {The Milbank Memorial Fund Quarterly},
 number = {3},
 pages = {377-388},
 title = {Botanicas and Spiritualism in a Metropolis},
 volume = {46},
 year = {1968},
}

@book{frampton,
 address = {New York},
 author = {Frampton, K.},
 publisher = {Oxford},
 title = {Modern Architecture: A Critical History},
 year = {1982},
}

@article{gandara,
 author = {Gandara, R.},
 publisher = {Austin American-Statesman},
 title = {Longtime Green and White Grocery Owner Remembered for Kindness to All},
 year = {2012},
 url = {http://www.statesman.com/news/local/longtime-green-white-grocery-owner-remembered-for-kindness-all/HavYksN29sukmzss1rKQtM/},
 comment = {Accessed 05/15/2017},
}

@book{glassie,
 address = {Bloomington},
 author = {Glassie, H.},
 publisher = {Indiana University},
 title = {Vernacular Architecture},
 year = {2000},
}

@article{googlemaps,
 author = {Google Maps},
 title = {Google Maps location for 1201 E 7th St. Austin, TX},
 year = {2017},
 url = {https://www.google.com/maps/place/Green+and+White+Grocery/@30.2649964,-97.7301178,20z/data=!4m5!3m4!1s0x0:0x63bde337444e6a51!8m2!3d30.2650983!4d-97.7300119},
 comment = {Accessed 05/11/2017},
}

@book{hardy,
 address = {TX},
 author = {Hardy, Heck and Moore, Inc},
 publisher = {Hardy, Heck and Moore, Inc},
 title = {City of Austin Historic Resources Survey},
 volume = {IV},
 year = {2016},
}

@article{hernandez,
 author = {Hernandez-Ehrisman, L.},
 publisher = {The End of Austin},
 title = {Breakfast Taco Wars: Race, History, and Food in Austin and San Antonio},
 year = {2016},
 url = {https://endofaustin.com/2016/09/22/breakfast-taco-wars-race-history-and-food-in-austin-and-san-antonio/},
 comment = {Accessed 05/13/2017},
}

@incollection{joyce,
 address = {Oxford},
 author = {Joyce, R.},
 booktitle = {Mesoamerican Archaeology},
 editor = {J. Hendon and R. Joyce},
 pages = {1-42},
 publisher = {Blackwell},
 title = {Mesoamerica: A Working Model for Archaeology},
 year = {2004},
}

@book{kerr,
 author = {Kerr, B.},
 publisher = {Austin Chamber},
 title = {Greater Austin Profile: Population},
 year = {2016},
 url = {https://www.austinchamber.com/upload/files/ed/population.XLS},
 comment = {Accessed 04/30/2017},
}

@article{kreneck,
 author = {Kreneck, T.},
 journal = {The American Archivist},
 number = {3},
 pages = {272-276, 278-285},
 title = {Documenting a Mexican American Community: The Houston Example},
 volume = {48},
}

@book{lane,
 author = {Lane, R.},
 publisher = {Historic England},
 title = {Understanding Historic Buildings: A Guide to Good Recording Practice},
 year = {2016},
}

@book{lepe,
 author = {Lepe, E.},
 publisher = {The East Austin Project},
 title = {The History of the Green & White Store},
 year = {2002},
 url = {https://youtu.be/FKsKnojVWHo},
}

@book{linne,
 address = {Tuscaloosa},
 author = {Linne, S.},
 publisher = {University of Alabama},
 title = {Archaeological Researches at Teotihuacan, Mexico},
 year = {2003},
}

@book{miller,
 author = {Miller Blue Print},
 title = {Austin Texas Street Guide},
 year = {1934},
 url = {https://www.lib.utexas.edu/maps/texas/austin-redlining-large-1935.jpg},
 comment = {Accessed 05/17/2017},
}

@book{moreland,
 address = {London},
 author = {Moreland, J.},
 publisher = {Duckworth},
 title = {Archaeology and Text},
 year = {2001},
}

@BOOK {morner,
 author    = "MÃ¶rner, M.",
 title     = "Race Mixture in the History of Latin America",
 publisher = "Little, Brown \& Company",
 year      = "1967",
 address   = "Boston"
}

@article{mullins,
 author = {Mullins, P.},
 journal = {Historical Archaeology},
 number = {1},
 pages = {88-96},
 title = {Marketing in a Multicultural Neighborhood: An Archaeology of Corner Stores in the Urban Midwest},
 volume = {42},
 year = {2008},
}

@book{pluciennik,
 address = {Leicester},
 author = {Pluciennik, M. and C. Newman and M. Godfrey and others},
 publisher = {University of Leicester},
 title = {The Archaeology of Standing Buildings},
 year = {2015},
}

@article{romberg1998,
 author = {Romberg, R.},
 journal = {Journal of Folklore Research},
 number = {1},
 pages = {69-82},
 title = {Whose Spirits Are They? The Political Economy of Syncretism and Authenticity},
 volume = {35},
 year = {1998},
}

@article{romberg2005,
 author = {Romberg, R.},
 journal = {NWIG: New West Indian Guide/Nieuwe West-Indische Gids},
 pages = {175-218},
 title = {Ritual Piracy of Creolization with an Attitude},
 volume = {79},
 year = {2005},
}

@book{robinson,
 author = {Robinson, W.},
 publisher = {Handbook of Texas Online},
 title = {Architecture},
 year = {2010},
 url = {http://www.tshaonline.org/handbook/online/articles/cmask},
 comment = {Accessed 04/29/2017},
}

@book{sanborn,
 address = {New York},
 author = {Sanborn Map Company},
 publisher = {Sanborn},
 title = {'Austin 1935 Key Map.' New York: Sanborn},
 year = {1935},
 url = {https://texashistory.unt.edu/ark:67531/metapth575205},
 comment = {Accessed 5/23/2017},
}

@book{swallow,
 address = {Dorset},
 author = {Swallow, P. and R. Dallas and S. Jackson and D. Watt},
 publisher = {Donhead},
 title = {Measurement and Recording of Historic Buildings},
 year = {2008},
}

@unpublished{tcad1,
 author = {TCAD},
 note = {Search query: Green & White Grocery 0205070101},
 title = {Travis Central Appraisal District property search},
 year = {2017},
 url = {https://propaccess.traviscad.org/clientdb/?cid=1},
 comment = {Accessed 05/10/2017},
}

@unpublished{tcad2,
 author = {TCAD},
 note = {Search query: Green & White Grocery 0205070101},
 title = {Travis Central Appraisal District property search},
 year = {2017},
 url = {https://propaccess.traviscad.org/clientdb/?cid=1},
 comment = {Accessed 05/10/2017},
}

@unpublished{tcad3,
 author = {TCAD},
 note = {Search query: Green & White Grocery 0205070101},
 title = {Travis Central Appraisal District property search},
 year = {2017},
 url = {https://propaccess.traviscad.org/clientdb/?cid=1},
 comment = {Accessed 05/10/2017},
}
