%% LaTeX2e file `Robson.bib'
%% generated by the `filecontents' environment
%% from source `Robson' on 2018/07/16.
%%
@BOOK {Adam1966,
 author    = "Adam, S.",
 title     = "The Technique of Greek Sculpture in the Archaic and Classical Periods",
 publisher = "British School of Archaeology at Athens",
 year      = "1966"
}
@ARTICLE {Barker1924,
 author  = "Barker, A.W.",
 title   = "‘The Costume of the Servant on the Grave Relief of Hegeso’",
 journal = "American Journal of Archaeology",
 year    = "1924",
 volume  = "28",
 number  = "3",
 pages   = "290-292"
}
@BOOK {Boardman1995,
 author    = "Boardman, J.",
 title     = "Greek Sculpture: The Late Classical Period",
 publisher = "Thames \& Hudson",
 year      = "1995"
}
@BOOK {Boegehold1994,
 author    = "Boegehold, A.L.",
 title     = "‘Perikles’ Citizenship Law of 451/50 BC’, in Boegehold, A.L. \& Scafuro, A.C. (Eds.), Athenian Identity and Civic Ideology",
 publisher = "John Hopkins University Press",
 year      = "1994"
}
@ARTICLE {Burton2003,
 author  = "Burton, D.",
 title   = "‘Public Memorials, Private Virtues: Women on Classical Athenian Grave Monuments’",
 journal = "Mortality",
 year    = "2003",
 volume  = "8",
 number  = "1",
 pages   = "20-35"
}
@BOOK {Camp2011,
 author    = "Camp, J.M.",
 title     = "The Archaeology of Athens",
 publisher = "Yale University Press",
 year      = "2011"
}
@BOOK {Childs1998,
 author    = "Childs, W.",
 title     = "Reading Greek Art: Essays by Nikolaus Himmelmann",
 publisher = "Princeton University Press",
 year      = "1998"
}
@BOOK {Clairmont1995,
 author    = "Clairmont, C.W.",
 title     = "Classical Attic Tombstones: Introductory",
 publisher = "Kikhberg",
 year      = "1995"
}
@ARTICLE {Closterman2007,
 author  = "Closterman, W.E.",
 title   = "‘Family Ideology and Family History: The Function of Funerary Markers in Classical Attic Peribolos Tombs’",
 journal = "American Journal of Archaeology",
 year    = "2007",
 volume  = "111",
 number  = "4",
 pages   = "633-652"
}
@BOOK {Frederiksen2011,
 author    = "Frederiksen, R. \& Smith, R.R.R.",
 title     = "The Cast Gallery of Greek and Roman Sculpture: Catalogue of Plaster Casts of Greek and Roman Sculpture",
 publisher = "The Ashmolean Museum",
 year      = "2011"
}
@BOOK {Friis1951,
 author    = "Friis Johansen, K.",
 title     = "The Attic Grave Reliefs of the Classical Period: An Essay in Interpretation",
 publisher = "Ejnar Munksgaard",
 year      = "1951"
}
@BOOK {Fullerton2016,
 author    = "Fullerton, M.D.",
 title     = "Greek Sculpture",
 publisher = "Wiley Blackwell",
 year      = "2016"
}
@BOOK {Gray2011,
 author    = "Gray, C.L.",
 title     = "‘Foreigners in the Burial Ground: The Case of the Milesians in Athens’, in Carroll, M., Rempel, J. \& Drinkwater, J.F. (Eds.), Living Through the Dead: Burial and Commemoration in the Classical World",
 publisher = "Oxbow",
 year      = "2011"
}
@BOOK {Grossman2001,
 author    = "Grossman, J.B.",
 title     = "Greek Funerary Sculpture: Catalogue of the Collections at the Getty Villa",
 publisher = "Getty Publications",
 year      = "2001"
}
@ARTICLE {Grossman2007,
 author  = "Grossman, J.B.",
 title   = "‘Forever Young: An Investigation of the Depictions of Children on Classical Attic Funerary Monuments’",
 journal = "Hesperia Supplements",
 year    = "2007",
 volume  = "41",
 pages   = "309-322"
}
@BOOK {Hallett2005,
 author    = "Hallett, C.H.",
 title     = "The Roman Nude: Heroic Portrait Statuary 200 BC – AD 300",
 publisher = "Oxford University Press",
 year      = "2005"
}
@BOOK {Holwerda1899,
 author    = "Holwerda, I.H.",
 title     = "Die Attischen Gräber der Blüthezeit: Studien über die Attischen Grabreliefs",
 publisher = "Brill",
 year      = "1899"
}
@BOOK {Humphreys1993,
 author    = "Humphreys, S.C.",
 title     = "The Family, Women and Death: Comparative Studies",
 publisher = "University of Michigan Press",
 year      = "1993"
}
@ARTICLE {Hurwit2007,
 author  = "Hurwit, J.M",
 title   = "‘The Problem with Dexileos: Heroic and Other Nudities in Greek Art’",
 journal = "American Journal of Archaeology",
 year    = "2007",
 volume  = "111",
 number  = "1",
 pages   = "35-60"
}
@BOOK {Kurtz1971,
 author    = "Kurtz, D.C. \& Boardman, J.",
 title     = "Greek Burial Customs",
 publisher = "Cornell University Press",
 year      = "1971"
}
@ARTICLE {Leader1997,
 author  = "Leader, R.",
 title   = "‘In Death Not Divided: Gender, Family and State on Classical Athenian Grave Stelae’",
 journal = "American Journal of Archaeology",
 year    = "1997",
 volume  = "101",
 pages   = "683-699"
}
@BOOK {Mee2011,
 author    = "Mee, C.",
 title     = "Greek Archaeology: A Thematic Approach",
 publisher = "Wiley-Blackwell",
 year      = "2011"
}
@BOOK {Neer2010,
 author    = "Neer, R.",
 title     = "The Emergence of the Classical Style in Greek Sculpture",
 publisher = "University of Chicago Press",
 year      = "2010"
}
@BOOK {Oliver2000,
 author    = "Oliver, G.J.",
 title     = "‘Athenian Funerary Monuments: Style, Grandeur and Cost’, in Oliver, G.J. (Ed.), The Epigraphy of Death",
 publisher = "Liverpool University Press",
 year      = "2000"
}
@BOOK {Osborne1998,
 author    = "Osborne, R.",
 title     = "Archaic and Classical Greek Art",
 publisher = "Oxford University Press",
 year      = "1998"
}
@BOOK {Palagia2006,
 author    = "Palagia, O.",
 title     = "Greek Sculpture: Function, Materials, and Techniques in the Archaic and Classical Periods",
 publisher = "Cambridge University Press",
 year      = "2006"
}
@ARTICLE {Pemberton1989,
 author  = "Pemberton, E.G.",
 title   = "‘The Dexiosis on Attic Gravestones’",
 journal = "Mediterranean Archaeology",
 year    = "1989",
 volume  = "2",
 pages   = "45-50"
}
@BOOK {Pomeroy1997,
 author    = "Pomeroy, S.",
 title     = "Families is Classical and Hellenistic Greece: Representations and Realities",
 publisher = "Clarendon Press",
 year      = "1997"
}
@ARTICLE {Richter1954,
 author  = "Richter, G.M.A",
 title   = "‘Family Groups on Attic Grave Monuments’",
 journal = "Neue Beitrage zur Klassischen Altertumwissenschaft",
 year    = "1954",
 volume  = "60",
 pages   = "256-262"
}
@BOOK {Sourvinouinwood1995a,
 author    = "Sourvinou-Inwood, C.",
 title     = "“Reading” Greek Culture: Texts and Images, Rituals and Myths",
 publisher = "Clarendon Press",
 year      = "1995"
}
@BOOK {Sourvinouinwood1995b,
 author    = "Sourvinou-Inwood, C.",
 title     = "‘Male and Female, Public and Private, Ancient and Modern’, in Reeder, E. (Ed.), Pandora: Women in Classical Greece",
 publisher = "Walters Art Gallery",
 year      = "1995"
}
@BOOK {Stamatopoulou1999,
 author    = "Stamatopoulou, M.",
 title     = "Burial Customs in Thessaly in the Classical and Hellenistic Periods",
 publisher = "DPhil Thesis",
 year      = "1999"
}
@BOOK {Stears1995,
 author    = "Stears, K.",
 title     = "‘Dead Women’s Society: Constructing Female Gender in Classical Athenian Funerary Sculpture’, in Spencer, N. (Ed.), Time, Tradition and Society in Greek Archaeology: Bridging the ‘Great Divide’",
 publisher = "Routledge",
 year      = "1995"
}
@BOOK {Stears2000a,
 author    = "Stears, K.",
 title     = "‘Losing the Picture: Change and Continuity in Athenian Grave Monuments in the Fourth and Third Centuries BC’, in Rutter, N.K. \& Sparkes, B.A. (Eds.), Word and Image in Ancient Greece",
 publisher = "Edinburgh University Press",
 year      = "2000"
}
@BOOK {Stears2000b,
 author    = "Stears, K.",
 title     = "‘The Times they are a ’changing: Developments in fifth-century Funerary Sculpture’, in Oliver, G.J. (Ed.), The Epigraphy of Death: Studies in the History and Society of Greece and Rome",
 publisher = "Liverpool University Press",
 year      = "2000"
}
@BOOK {Strauss1993,
 author    = "Strauss, B.S.",
 title     = "Fathers and Songs in Athens: Ideology and Society in the era of the Peloponnesian War",
 publisher = "Princeton University Press",
 year      = "1993"
}
@BOOK {Stupperich1994,
 author    = "Stupperich R.",
 title     = "‘The Iconography of Athenian State Burials in the Classical Period’, in Coulson, W. (Ed.), The Archaeology of Athens and Attica under the Democracy",
 publisher = "Oxbow Monograph 37",
 year      = "1994"
}
@ARTICLE {Wasserman1969,
 author  = "Wasserman, F.M",
 title   = "‘Serenity and Repose: Life and Death on Attic Tombstones’",
 journal = "The Classical Journal",
 year    = "1969",
 volume  = "64",
 number  = "5",
 pages   = "193-202"
}
@BOOK {Wrenhaven2012,
 author    = "Wrenhaven, K.L.",
 title     = "Reconstructing the Slave: The Image of the Slave in Ancient Greece",
 publisher = "Bristol Classical Press",
 year      = "2012"
}
@BOOK {Vonrodenwaldt1923,
 author    = "Von Rodenwaldt, G.",
 title     = "Das Relief Bei Dem Griechen",
 publisher = "Schoetz \& Parrhysius",
 year      = "1923"
}

