%% LaTeX2e file `Schuitema.bib'
%% generated by the `filecontents' environment
%% from source `_ijsra_2018_04' on 2018/12/14.
%%

@Article{Arba2012,
  author       = {Arba, F. and Inzitari, D. and Barnett, H. J. M. and Lippi, D.},
  title        = {Stroke in Renaissance Time: The Case of Francesco I deMedici},
  journaltitle = {Cerebrovasc Dis},
  volume       = {33},
  pages        = {589--593},
  date         = {2012},
}

@Book{Burke1989,
  author    = {Burke, P.},
  title     = {Renaissance: History of Europe 1400-1599},
  publisher = {Uitgeverij SUN},
  location  = {Nijmegen (NL)},
  date      = {1989},
}

@Article{DElia2011,
  author       = {D'Elia, U. R.},
  title        = {Giambolognaś Giant and the Cinquecento Villa Garden as a Landscape of Suffering},
  journaltitle = {Studies in the History of Gardens \& Designed Landscapes},
  volume       = {31},
  number       = {3},
  pages        = {1--25},
  date         = {2011},
}

@Book{Dhanens1956,
  author    = {Dhanens, E.},
  title     = {Jean Boulogne: Giovanni Bologna Fiammingo},
  publisher = {Palais Der Academiën},
  location  = {Brussel},
  date      = {1956},
}

@Book{Goudriaan2015,
  author    = {Goudriaan, E. J.},
  title     = {The Cultural Importance of Florentine Patricians: Cultural exchange, brokerage networks, and social representation in Early modern Florence and Rome (1600-1660)},
  publisher = {Optima Grafische Communicatie},
  location  = {Leiden (NL)},
  date      = {2015},
}

@Book{Giannetto2008,
  author    = {Giannetto, R. F.},
  title     = {Medici Gardens from Making to Design},
  publisher = {University of Pennsylvania Press},
  location  = {Pennsylvania (US)},
  date      = {2008},
}

@Book{Goldthwaite2009,
  author    = {Goldthwaite, R. A.},
  title     = {The Economy of Renaissance Florence},
  publisher = {The Johns Hopkins University Press},
  location  = {Baltimore (US)},
  date      = {2009},
}

@Book{Hall1998,
  author    = {Hall, A.},
  title     = {Giambologna},
  publisher = {Salander-O'Reilly Galleries LLC},
  location  = {New York (US)},
  date      = {1998},
}

@Article{Hamburgh1996,
  author       = {Hamburgh, H.},
  title        = {Naldiniś Allegory of Dreams in the Studiolo of Francesco de ́Medici},
  journaltitle = {The Sixteenth Century Journal},
  volume       = {27},
  number       = {3},
  pages        = {679--709},
  date         = {1996},
}

@Book{Hibbert1979,
  author    = {Hibbert, C.},
  title     = {The Rise and Fall of the House of Medici},
  publisher = {Penguin Books Ltd.},
  location  = {London (UK)},
  date      = {1979},
}

@Article{Lazzaro2011,
  author       = {Lazzaro, C.},
  title        = {River Gods: Personifying Nature in Sixteenth-Century Italy},
  journaltitle = {Renaissance Studies},
  volume       = {25},
  number       = {1},
  pages        = {70--94},
  date         = {2011},
}

@Article{Sparitis2013,
  author       = {Sparitis, O.},
  title        = {Sculpture and Environmental Design in the Cultural Landschape of the European countries and Latvia},
  journaltitle = {Landscape Architecture and Art},
  volume       = {2},
  number       = {2},
  pages        = {30--40},
  date         = {2013},
}

@Book{Meskell2009,
  author    = {Meskell, L.},
  title     = {Cosmopolitan Archaeologies},
  publisher = {Duke University Press},
  location  = {London (UK)},
  date      = {2009},
}

@Book{Moormann2007,
  author    = {Moorman, E. M. and Uitterhoeve, W.},
  title     = {Van Alexander tot Zeus: Figuren uit de Klassieke Mythologie en Geschiedenis, met hun Voortleven na de Oudheid},
  publisher = {Uitgeverij SUN},
  location  = {Amsterdam (NL)},
  date      = {2007},
}

@Book{Najemy2006,
  author    = {Najemi, J. M.},
  title     = {A History of Florence},
  publisher = {Blackwell Publishing},
  location  = {Oxford (UK)},
  date      = {2006},
}

@Article{Panofsky1955,
  author       = {Panofsky, E.},
  title        = {Iconography and Iconology: An Introduction to the Study of Renaissance Art},
  journaltitle = {Meaning in the Visual Arts: Papers in and on Art History},
  pages        = {26--54},
  date         = {1955},
}

@Book{Panofsky1963,
  author    = {Panofsky, E.},
  title     = {Studies in Iconology: Humanistic Themes in Renaissance Art},
  publisher = {Harper Torchbooks},
  location  = {New York (US)},
  date      = {1963},
}

@Book{Partridge2009,
  author    = {Partridge, L.},
  title     = {Art of Renaissance Florence 1400-1600},
  publisher = {University of California Press},
  location  = {California (US)},
  date      = {2009},
}

@Incollection{Petersen2011,
  author    = {Petersen, N. H.},
  title     = {Introduction},
  editor    = {Bücker, A. and Ostrem, E. and Petersen, N. H.},
  booktitle = {Resonances: Historical Essays on Continuity and Change},
  publisher = {Brepols Publishers},
  location  = {Turnhout (B)},
  date      = {2011},
}

@Article{Smith1961,
  author       = {Smith, W.},
  title        = {Pratolino},
  journaltitle = {Journal of the Society of Architectural Historians},
  volume       = {20(4)},
  pages        = {155--168},
  date         = {1961},
}

@Incollection{Tanzini2012,
  author    = {Tanzini, L.},
  title     = {Tuscan States: Florence and Siena},
  editor    = {Gamberini, A. and Laccarini, I.},
  booktitle = {The Italian Renaissance},
  publisher = {Cambridge University Press},
  location  = {Cambridge (UK)},
  date      = {2012},
}

@Book{Walsh2015,
  author    = {Walsh, C.},
  title     = {Renaissance Landscapes and he Figuration of Giambolognaś Appennino: An Ecocritical Analysis},
  publisher = {Boston University (PhD)},
  location  = {Boston (US)},
  date      = {2015},
}
