%% LaTeX2e file `"Space arch interview IJSRA".bib'
%% generated by the `filecontents' environment
%% from source `"Space arch interview IJSRA"' on 2018/12/05.
%%
%Bibliography-data HERE
