%% LaTeX2e file `test.bib'
%% generated by the `filecontents' environment
%% from source `test' on 2018/06/15.
%%
@book{XXX,
 address = {Chicago},
 publisher = {Johnson \& Company},
 title = {The History of Peoria County, Illinois: Containing a History of the Northwest - History of Illinois - History of the County - Its Early Settlement, Growth, Development, Resources, Etc, Etc - a Sketch of Its Cities and Towns, Their Improvements, Industries},
 year = {1880},
 url = {https://books.google.com/books/about/The_History_of_Peoria_County_Illinois.html?id=j4w6AQAAIAAJ},
}
