%% LaTeX2e file `Vandergugten.bib'
%% generated by the `filecontents' environment
%% from source `Vandergugten' on 2018/12/06.
%%
%Bibliography-data HERE
